[
  {
    "timestamp": 1774637241,
    "market_slug": "elon-musk-of-tweets-march-20-march-27-260-279",
    "event_slug": "elon-musk-of-tweets-march-20-march-27",
    "token_id": "25705881479633919715640326398803927094610014096642737912762385284816311843096",
    "outcome": "Yes",
    "side": "SELL",
    "price": 0.999,
    "size": 107.14,
    "transaction_hash": "0x0854f16993cc78bf8cdc554877ec4be6f75e199f310a8fb7255b7d164bd2df05",
    "condition_id": "0xa26a04f7c0bcd3f88a05c492cae75482612d6a8dd61df39595221c9ab6fa6418",
    "bracket_low": 260,
    "bracket_high": 279
  },
  {
    "timestamp": 1774637225,
    "market_slug": "elon-musk-of-tweets-march-20-march-27-260-279",
    "event_slug": "elon-musk-of-tweets-march-20-march-27",
    "token_id": "25705881479633919715640326398803927094610014096642737912762385284816311843096",
    "outcome": "Yes",
    "side": "SELL",
    "price": 0.999,
    "size": 424.51,
    "transaction_hash": "0xef01d8e97690f3259b48b3eb42878c3809a321d31f5759f13903b6185a027f08",
    "condition_id": "0xa26a04f7c0bcd3f88a05c492cae75482612d6a8dd61df39595221c9ab6fa6418",
    "bracket_low": 260,
    "bracket_high": 279
  },
  {
    "timestamp": 1774637139,
    "market_slug": "elon-musk-of-tweets-march-20-march-27-300-319",
    "event_slug": "elon-musk-of-tweets-march-20-march-27",
    "token_id": "73458450470350901923533884368003395408105568548590497983262075096778832401008",
    "outcome": "No",
    "side": "SELL",
    "price": 0.999,
    "size": 4.13,
    "transaction_hash": "0xad813a6a2e68c754aaf1f3ab20ecad99e8e179d9fbf59af4b28828cbfa62ff18",
    "condition_id": "0x14d78b430aa17e8b4c74b2b513e8cdc7ddc1f7c21889ba147cca726956ebc11f",
    "bracket_low": 300,
    "bracket_high": 319
  },
  {
    "timestamp": 1774637137,
    "market_slug": "elon-musk-of-tweets-march-20-march-27-260-279",
    "event_slug": "elon-musk-of-tweets-march-20-march-27",
    "token_id": "25705881479633919715640326398803927094610014096642737912762385284816311843096",
    "outcome": "Yes",
    "side": "SELL",
    "price": 0.999,
    "size": 100,
    "transaction_hash": "0x86dd67969944aea467a21cfceade0f782ee6ff180424a283ed84b314658273f5",
    "condition_id": "0xa26a04f7c0bcd3f88a05c492cae75482612d6a8dd61df39595221c9ab6fa6418",
    "bracket_low": 260,
    "bracket_high": 279
  },
  {
    "timestamp": 1774636999,
    "market_slug": "elon-musk-of-tweets-march-20-march-27-260-279",
    "event_slug": "elon-musk-of-tweets-march-20-march-27",
    "token_id": "25705881479633919715640326398803927094610014096642737912762385284816311843096",
    "outcome": "Yes",
    "side": "SELL",
    "price": 0.999,
    "size": 3.38,
    "transaction_hash": "0x379671b16fd9ba2b9befcb9fe417ff032b7fbef902ce3d5ad9f205a4f71a9b09",
    "condition_id": "0xa26a04f7c0bcd3f88a05c492cae75482612d6a8dd61df39595221c9ab6fa6418",
    "bracket_low": 260,
    "bracket_high": 279
  },
  {
    "timestamp": 1774636985,
    "market_slug": "elon-musk-of-tweets-march-20-march-27-260-279",
    "event_slug": "elon-musk-of-tweets-march-20-march-27",
    "token_id": "25705881479633919715640326398803927094610014096642737912762385284816311843096",
    "outcome": "Yes",
    "side": "SELL",
    "price": 0.999,
    "size": 303.78,
    "transaction_hash": "0xd9e2f5e3dd505c2f61dccba197ad790725d8f9b271e3baba0e8a076053886c30",
    "condition_id": "0xa26a04f7c0bcd3f88a05c492cae75482612d6a8dd61df39595221c9ab6fa6418",
    "bracket_low": 260,
    "bracket_high": 279
  },
  {
    "timestamp": 1774636891,
    "market_slug": "elon-musk-of-tweets-march-20-march-27-360-379",
    "event_slug": "elon-musk-of-tweets-march-20-march-27",
    "token_id": "45555422119622268048913525235976861967098436258446155460057503055590215037937",
    "outcome": "No",
    "side": "SELL",
    "price": 0.999,
    "size": 3415.09,
    "transaction_hash": "0x11646d4503da4f2b3c776939ec64c8c99c0e9cce45cdc75a477833bb661bee5b",
    "condition_id": "0x1d07d82cb1b024be5f7b4758efeb146722fff46c3d840a3d2afd0f3e011e4833",
    "bracket_low": 360,
    "bracket_high": 379
  },
  {
    "timestamp": 1774636831,
    "market_slug": "elon-musk-of-tweets-march-20-march-27-260-279",
    "event_slug": "elon-musk-of-tweets-march-20-march-27",
    "token_id": "25705881479633919715640326398803927094610014096642737912762385284816311843096",
    "outcome": "Yes",
    "side": "SELL",
    "price": 0.999,
    "size": 61.11,
    "transaction_hash": "0x2922a6e2ac10d845965cda35edda7c29367d9cc98d73c180c689bc0e982e7f0e",
    "condition_id": "0xa26a04f7c0bcd3f88a05c492cae75482612d6a8dd61df39595221c9ab6fa6418",
    "bracket_low": 260,
    "bracket_high": 279
  },
  {
    "timestamp": 1774636687,
    "market_slug": "elon-musk-of-tweets-march-20-march-27-300-319",
    "event_slug": "elon-musk-of-tweets-march-20-march-27",
    "token_id": "73458450470350901923533884368003395408105568548590497983262075096778832401008",
    "outcome": "No",
    "side": "SELL",
    "price": 0.999,
    "size": 95.61,
    "transaction_hash": "0xeda0963937260c9792484ae78bba9ff65f65b7b525fa95bc5f8504b507e74e24",
    "condition_id": "0x14d78b430aa17e8b4c74b2b513e8cdc7ddc1f7c21889ba147cca726956ebc11f",
    "bracket_low": 300,
    "bracket_high": 319
  },
  {
    "timestamp": 1774636673,
    "market_slug": "elon-musk-of-tweets-march-20-march-27-260-279",
    "event_slug": "elon-musk-of-tweets-march-20-march-27",
    "token_id": "25705881479633919715640326398803927094610014096642737912762385284816311843096",
    "outcome": "Yes",
    "side": "SELL",
    "price": 0.999,
    "size": 43.14,
    "transaction_hash": "0x431369988dd55aa74f76e138e395b47c754cf071ba912609e1d3c7bee56c8ff1",
    "condition_id": "0xa26a04f7c0bcd3f88a05c492cae75482612d6a8dd61df39595221c9ab6fa6418",
    "bracket_low": 260,
    "bracket_high": 279
  },
  {
    "timestamp": 1774636431,
    "market_slug": "elon-musk-of-tweets-march-20-march-27-360-379",
    "event_slug": "elon-musk-of-tweets-march-20-march-27",
    "token_id": "45555422119622268048913525235976861967098436258446155460057503055590215037937",
    "outcome": "No",
    "side": "SELL",
    "price": 0.999,
    "size": 1045.3,
    "transaction_hash": "0xe05f6573979ac7c4476312b1854e0d5fd4e4624d4e401fb434a16e7f4066e376",
    "condition_id": "0x1d07d82cb1b024be5f7b4758efeb146722fff46c3d840a3d2afd0f3e011e4833",
    "bracket_low": 360,
    "bracket_high": 379
  },
  {
    "timestamp": 1774636419,
    "market_slug": "elon-musk-of-tweets-march-20-march-27-260-279",
    "event_slug": "elon-musk-of-tweets-march-20-march-27",
    "token_id": "25705881479633919715640326398803927094610014096642737912762385284816311843096",
    "outcome": "Yes",
    "side": "SELL",
    "price": 0.999,
    "size": 596.99,
    "transaction_hash": "0x345b7035f88257042d0a55196183e13c3347b2dbbc2af4ff48ffcde798bd573d",
    "condition_id": "0xa26a04f7c0bcd3f88a05c492cae75482612d6a8dd61df39595221c9ab6fa6418",
    "bracket_low": 260,
    "bracket_high": 279
  },
  {
    "timestamp": 1774636163,
    "market_slug": "elon-musk-of-tweets-march-20-march-27-260-279",
    "event_slug": "elon-musk-of-tweets-march-20-march-27",
    "token_id": "25705881479633919715640326398803927094610014096642737912762385284816311843096",
    "outcome": "Yes",
    "side": "SELL",
    "price": 0.999,
    "size": 5,
    "transaction_hash": "0x62c45d4a534514505dc45ec5a5116c7a5c541181c6220aa765bd333bb0b3b05e",
    "condition_id": "0xa26a04f7c0bcd3f88a05c492cae75482612d6a8dd61df39595221c9ab6fa6418",
    "bracket_low": 260,
    "bracket_high": 279
  },
  {
    "timestamp": 1774636067,
    "market_slug": "elon-musk-of-tweets-march-20-march-27-300-319",
    "event_slug": "elon-musk-of-tweets-march-20-march-27",
    "token_id": "73458450470350901923533884368003395408105568548590497983262075096778832401008",
    "outcome": "No",
    "side": "SELL",
    "price": 0.999,
    "size": 40.47,
    "transaction_hash": "0xfd77c0248db5ae5509f5f93f03d4e515a61a747d14d2a7b1945ea07698ea4348",
    "condition_id": "0x14d78b430aa17e8b4c74b2b513e8cdc7ddc1f7c21889ba147cca726956ebc11f",
    "bracket_low": 300,
    "bracket_high": 319
  },
  {
    "timestamp": 1774636045,
    "market_slug": "elon-musk-of-tweets-march-20-march-27-280-299",
    "event_slug": "elon-musk-of-tweets-march-20-march-27",
    "token_id": "55139486228389827549892242233304360515297906721851715483594409981026909361512",
    "outcome": "No",
    "side": "SELL",
    "price": 0.999,
    "size": 1088.48,
    "transaction_hash": "0x1ded8674cbbdb54a059bcead744d47196b94a076777e16814d47b6bd5d48958a",
    "condition_id": "0xfac6f159e683460ee8afccc20e3858dd4f85765efde82850245b3cdc11742537",
    "bracket_low": 280,
    "bracket_high": 299
  },
  {
    "timestamp": 1774635897,
    "market_slug": "elon-musk-of-tweets-march-20-march-27-260-279",
    "event_slug": "elon-musk-of-tweets-march-20-march-27",
    "token_id": "25705881479633919715640326398803927094610014096642737912762385284816311843096",
    "outcome": "Yes",
    "side": "SELL",
    "price": 0.999,
    "size": 4.71,
    "transaction_hash": "0xa41aaec8c61e02d1a7049b1927828a9e8d5dfbdf036780fabb70533652373976",
    "condition_id": "0xa26a04f7c0bcd3f88a05c492cae75482612d6a8dd61df39595221c9ab6fa6418",
    "bracket_low": 260,
    "bracket_high": 279
  },
  {
    "timestamp": 1774635735,
    "market_slug": "elon-musk-of-tweets-march-20-march-27-260-279",
    "event_slug": "elon-musk-of-tweets-march-20-march-27",
    "token_id": "25705881479633919715640326398803927094610014096642737912762385284816311843096",
    "outcome": "Yes",
    "side": "SELL",
    "price": 0.999,
    "size": 3.11,
    "transaction_hash": "0x4729a367c116ed90df711b5b81d66ab55030e45448bbd411ae984d92d2846a65",
    "condition_id": "0xa26a04f7c0bcd3f88a05c492cae75482612d6a8dd61df39595221c9ab6fa6418",
    "bracket_low": 260,
    "bracket_high": 279
  },
  {
    "timestamp": 1774635719,
    "market_slug": "elon-musk-of-tweets-march-20-march-27-260-279",
    "event_slug": "elon-musk-of-tweets-march-20-march-27",
    "token_id": "25705881479633919715640326398803927094610014096642737912762385284816311843096",
    "outcome": "Yes",
    "side": "SELL",
    "price": 0.999,
    "size": 6.14,
    "transaction_hash": "0x5d1efb1820cecdb0cdde3866fd3a5e0bcd4c878772b2b9965162c1fea204a00c",
    "condition_id": "0xa26a04f7c0bcd3f88a05c492cae75482612d6a8dd61df39595221c9ab6fa6418",
    "bracket_low": 260,
    "bracket_high": 279
  },
  {
    "timestamp": 1774635707,
    "market_slug": "elon-musk-of-tweets-march-20-march-27-260-279",
    "event_slug": "elon-musk-of-tweets-march-20-march-27",
    "token_id": "25705881479633919715640326398803927094610014096642737912762385284816311843096",
    "outcome": "Yes",
    "side": "SELL",
    "price": 0.999,
    "size": 2164.46,
    "transaction_hash": "0xdcb65f2d0ef98b24cd4b7d4a3eedbf2557661cf28dd304957e69c506f51caa5e",
    "condition_id": "0xa26a04f7c0bcd3f88a05c492cae75482612d6a8dd61df39595221c9ab6fa6418",
    "bracket_low": 260,
    "bracket_high": 279
  },
  {
    "timestamp": 1774635631,
    "market_slug": "elon-musk-of-tweets-march-20-march-27-300-319",
    "event_slug": "elon-musk-of-tweets-march-20-march-27",
    "token_id": "73458450470350901923533884368003395408105568548590497983262075096778832401008",
    "outcome": "No",
    "side": "SELL",
    "price": 0.999,
    "size": 5.01,
    "transaction_hash": "0xcb31fe2b26fe7a76a67f11343f9ca90ed16652f5d50ea4dae5e4958954cba042",
    "condition_id": "0x14d78b430aa17e8b4c74b2b513e8cdc7ddc1f7c21889ba147cca726956ebc11f",
    "bracket_low": 300,
    "bracket_high": 319
  },
  {
    "timestamp": 1774635497,
    "market_slug": "elon-musk-of-tweets-march-20-march-27-260-279",
    "event_slug": "elon-musk-of-tweets-march-20-march-27",
    "token_id": "25705881479633919715640326398803927094610014096642737912762385284816311843096",
    "outcome": "Yes",
    "side": "SELL",
    "price": 0.999,
    "size": 227.93,
    "transaction_hash": "0x80caf9c045c9892ffeebde4f1cb10b974602406d3105d2e3f0cb4a09acba8181",
    "condition_id": "0xa26a04f7c0bcd3f88a05c492cae75482612d6a8dd61df39595221c9ab6fa6418",
    "bracket_low": 260,
    "bracket_high": 279
  },
  {
    "timestamp": 1774635459,
    "market_slug": "elon-musk-of-tweets-march-20-march-27-260-279",
    "event_slug": "elon-musk-of-tweets-march-20-march-27",
    "token_id": "25705881479633919715640326398803927094610014096642737912762385284816311843096",
    "outcome": "Yes",
    "side": "SELL",
    "price": 0.999,
    "size": 210.36,
    "transaction_hash": "0x8ac836a22983e842ecf09ffe73bbb25257f508d50640a7ca3e9f68248d218569",
    "condition_id": "0xa26a04f7c0bcd3f88a05c492cae75482612d6a8dd61df39595221c9ab6fa6418",
    "bracket_low": 260,
    "bracket_high": 279
  },
  {
    "timestamp": 1774635251,
    "market_slug": "elon-musk-of-tweets-march-20-march-27-300-319",
    "event_slug": "elon-musk-of-tweets-march-20-march-27",
    "token_id": "73458450470350901923533884368003395408105568548590497983262075096778832401008",
    "outcome": "No",
    "side": "SELL",
    "price": 0.999,
    "size": 94.38,
    "transaction_hash": "0xf62a98d019802359fea50adb2ec174946a8326686b1159dc147e6831645099f8",
    "condition_id": "0x14d78b430aa17e8b4c74b2b513e8cdc7ddc1f7c21889ba147cca726956ebc11f",
    "bracket_low": 300,
    "bracket_high": 319
  },
  {
    "timestamp": 1774635203,
    "market_slug": "elon-musk-of-tweets-march-20-march-27-260-279",
    "event_slug": "elon-musk-of-tweets-march-20-march-27",
    "token_id": "25705881479633919715640326398803927094610014096642737912762385284816311843096",
    "outcome": "Yes",
    "side": "SELL",
    "price": 0.999,
    "size": 8.37,
    "transaction_hash": "0xd0c81d26522c1693f7b57ded2999281e3239e8b440440270764ba7aa37add97e",
    "condition_id": "0xa26a04f7c0bcd3f88a05c492cae75482612d6a8dd61df39595221c9ab6fa6418",
    "bracket_low": 260,
    "bracket_high": 279
  },
  {
    "timestamp": 1774635185,
    "market_slug": "elon-musk-of-tweets-march-20-march-27-280-299",
    "event_slug": "elon-musk-of-tweets-march-20-march-27",
    "token_id": "55139486228389827549892242233304360515297906721851715483594409981026909361512",
    "outcome": "No",
    "side": "SELL",
    "price": 0.999,
    "size": 11.23,
    "transaction_hash": "0x4560b17d974f4e06f54b4db5174019f048d85adeb27cb26ebb33456876a475ac",
    "condition_id": "0xfac6f159e683460ee8afccc20e3858dd4f85765efde82850245b3cdc11742537",
    "bracket_low": 280,
    "bracket_high": 299
  },
  {
    "timestamp": 1774635179,
    "market_slug": "elon-musk-of-tweets-march-20-march-27-260-279",
    "event_slug": "elon-musk-of-tweets-march-20-march-27",
    "token_id": "25705881479633919715640326398803927094610014096642737912762385284816311843096",
    "outcome": "Yes",
    "side": "SELL",
    "price": 0.999,
    "size": 11.33,
    "transaction_hash": "0x69d1ef58077d5242e43fc07cbabf5d7c7d6410a3d7791bdba31df4c5f15a9472",
    "condition_id": "0xa26a04f7c0bcd3f88a05c492cae75482612d6a8dd61df39595221c9ab6fa6418",
    "bracket_low": 260,
    "bracket_high": 279
  },
  {
    "timestamp": 1774635179,
    "market_slug": "elon-musk-of-tweets-march-20-march-27-280-299",
    "event_slug": "elon-musk-of-tweets-march-20-march-27",
    "token_id": "55139486228389827549892242233304360515297906721851715483594409981026909361512",
    "outcome": "No",
    "side": "SELL",
    "price": 0.999,
    "size": 2.27,
    "transaction_hash": "0xcd9676c0ba42d8ea492bac8362d825980d1246bf5e96997aafe9fc910239942e",
    "condition_id": "0xfac6f159e683460ee8afccc20e3858dd4f85765efde82850245b3cdc11742537",
    "bracket_low": 280,
    "bracket_high": 299
  },
  {
    "timestamp": 1774635103,
    "market_slug": "elon-musk-of-tweets-march-20-march-27-260-279",
    "event_slug": "elon-musk-of-tweets-march-20-march-27",
    "token_id": "25705881479633919715640326398803927094610014096642737912762385284816311843096",
    "outcome": "Yes",
    "side": "SELL",
    "price": 0.999,
    "size": 14.98,
    "transaction_hash": "0xbe7b77e4a413e368333619c6115a5ddda06f6ba008ca19208eae3a58aeec1d0a",
    "condition_id": "0xa26a04f7c0bcd3f88a05c492cae75482612d6a8dd61df39595221c9ab6fa6418",
    "bracket_low": 260,
    "bracket_high": 279
  },
  {
    "timestamp": 1774635103,
    "market_slug": "elon-musk-of-tweets-march-20-march-27-280-299",
    "event_slug": "elon-musk-of-tweets-march-20-march-27",
    "token_id": "55139486228389827549892242233304360515297906721851715483594409981026909361512",
    "outcome": "No",
    "side": "SELL",
    "price": 0.999,
    "size": 13.99,
    "transaction_hash": "0x145a21012564c3ad7b03c3cedb7865c92fb245b956792cd064d32dc921331a04",
    "condition_id": "0xfac6f159e683460ee8afccc20e3858dd4f85765efde82850245b3cdc11742537",
    "bracket_low": 280,
    "bracket_high": 299
  },
  {
    "timestamp": 1774634961,
    "market_slug": "elon-musk-of-tweets-march-20-march-27-260-279",
    "event_slug": "elon-musk-of-tweets-march-20-march-27",
    "token_id": "25705881479633919715640326398803927094610014096642737912762385284816311843096",
    "outcome": "Yes",
    "side": "SELL",
    "price": 0.999,
    "size": 187.71,
    "transaction_hash": "0x33ba78b23787a1965f21749f93989e87e1d56a5b3c14e5fa2f9c0b759d58023e",
    "condition_id": "0xa26a04f7c0bcd3f88a05c492cae75482612d6a8dd61df39595221c9ab6fa6418",
    "bracket_low": 260,
    "bracket_high": 279
  },
  {
    "timestamp": 1774634949,
    "market_slug": "elon-musk-of-tweets-march-20-march-27-260-279",
    "event_slug": "elon-musk-of-tweets-march-20-march-27",
    "token_id": "25705881479633919715640326398803927094610014096642737912762385284816311843096",
    "outcome": "Yes",
    "side": "SELL",
    "price": 0.999,
    "size": 9.13,
    "transaction_hash": "0xb76cf44b44a124ec1a815bc44cab910159e1c3009bd5f46decea82e0f53deec1",
    "condition_id": "0xa26a04f7c0bcd3f88a05c492cae75482612d6a8dd61df39595221c9ab6fa6418",
    "bracket_low": 260,
    "bracket_high": 279
  },
  {
    "timestamp": 1774634949,
    "market_slug": "elon-musk-of-tweets-march-20-march-27-260-279",
    "event_slug": "elon-musk-of-tweets-march-20-march-27",
    "token_id": "25705881479633919715640326398803927094610014096642737912762385284816311843096",
    "outcome": "Yes",
    "side": "SELL",
    "price": 0.999,
    "size": 347.81,
    "transaction_hash": "0x39fe3db24405813b4f8b87ef66aff2ce6ed55a37601c94ac11032eca33db7f13",
    "condition_id": "0xa26a04f7c0bcd3f88a05c492cae75482612d6a8dd61df39595221c9ab6fa6418",
    "bracket_low": 260,
    "bracket_high": 279
  },
  {
    "timestamp": 1774634871,
    "market_slug": "elon-musk-of-tweets-march-20-march-27-260-279",
    "event_slug": "elon-musk-of-tweets-march-20-march-27",
    "token_id": "25705881479633919715640326398803927094610014096642737912762385284816311843096",
    "outcome": "Yes",
    "side": "SELL",
    "price": 0.999,
    "size": 25.79,
    "transaction_hash": "0x90a038f21d010ba0a9706eb170c6cb6ff4e646b51919b7f98e7944c9316da650",
    "condition_id": "0xa26a04f7c0bcd3f88a05c492cae75482612d6a8dd61df39595221c9ab6fa6418",
    "bracket_low": 260,
    "bracket_high": 279
  },
  {
    "timestamp": 1774634825,
    "market_slug": "elon-musk-of-tweets-march-20-march-27-300-319",
    "event_slug": "elon-musk-of-tweets-march-20-march-27",
    "token_id": "73458450470350901923533884368003395408105568548590497983262075096778832401008",
    "outcome": "No",
    "side": "SELL",
    "price": 0.999,
    "size": 0.98,
    "transaction_hash": "0x5fe7f07c0d7b8275f7846d299ce3abd3a73373a91c74a860a7aa3ce54028808e",
    "condition_id": "0x14d78b430aa17e8b4c74b2b513e8cdc7ddc1f7c21889ba147cca726956ebc11f",
    "bracket_low": 300,
    "bracket_high": 319
  },
  {
    "timestamp": 1774634819,
    "market_slug": "elon-musk-of-tweets-march-20-march-27-260-279",
    "event_slug": "elon-musk-of-tweets-march-20-march-27",
    "token_id": "25705881479633919715640326398803927094610014096642737912762385284816311843096",
    "outcome": "Yes",
    "side": "SELL",
    "price": 0.999,
    "size": 48.21,
    "transaction_hash": "0x7b00bcdbfeefb26a2079feb3c6b00820a96e562b603fa0b9a1e6804e2f0e5fce",
    "condition_id": "0xa26a04f7c0bcd3f88a05c492cae75482612d6a8dd61df39595221c9ab6fa6418",
    "bracket_low": 260,
    "bracket_high": 279
  },
  {
    "timestamp": 1774634785,
    "market_slug": "elon-musk-of-tweets-march-20-march-27-260-279",
    "event_slug": "elon-musk-of-tweets-march-20-march-27",
    "token_id": "25705881479633919715640326398803927094610014096642737912762385284816311843096",
    "outcome": "Yes",
    "side": "SELL",
    "price": 0.999,
    "size": 720,
    "transaction_hash": "0x602ee018e434340f9951ccc7903f57716d75e078bb0b0c7ee6c240720c199fe0",
    "condition_id": "0xa26a04f7c0bcd3f88a05c492cae75482612d6a8dd61df39595221c9ab6fa6418",
    "bracket_low": 260,
    "bracket_high": 279
  },
  {
    "timestamp": 1774634785,
    "market_slug": "elon-musk-of-tweets-march-20-march-27-260-279",
    "event_slug": "elon-musk-of-tweets-march-20-march-27",
    "token_id": "25705881479633919715640326398803927094610014096642737912762385284816311843096",
    "outcome": "Yes",
    "side": "SELL",
    "price": 0.999,
    "size": 1.46,
    "transaction_hash": "0xae58c02cb36c4d4d7975e0b86e89e8a36e3c3b239e3f9ee1e3678135093bcd37",
    "condition_id": "0xa26a04f7c0bcd3f88a05c492cae75482612d6a8dd61df39595221c9ab6fa6418",
    "bracket_low": 260,
    "bracket_high": 279
  },
  {
    "timestamp": 1774634745,
    "market_slug": "elon-musk-of-tweets-march-20-march-27-340-359",
    "event_slug": "elon-musk-of-tweets-march-20-march-27",
    "token_id": "5193401894980335138288183809153107590104465549670622429971394535291401527058",
    "outcome": "No",
    "side": "SELL",
    "price": 0.999,
    "size": 50,
    "transaction_hash": "0x825f433b6dafe13c413554a27b08a3119bc1ecf32ebbbdfc78943187b2708df2",
    "condition_id": "0x1d6853e8af35abb0908521b0a05af3db7eb0a680b8fb4a8acf09b2bde3ee8aac",
    "bracket_low": 340,
    "bracket_high": 359
  },
  {
    "timestamp": 1774634699,
    "market_slug": "elon-musk-of-tweets-march-20-march-27-300-319",
    "event_slug": "elon-musk-of-tweets-march-20-march-27",
    "token_id": "73458450470350901923533884368003395408105568548590497983262075096778832401008",
    "outcome": "No",
    "side": "SELL",
    "price": 0.999,
    "size": 5,
    "transaction_hash": "0x0b6b11dd01e9374aab76bc173a3fed681b807b07b5b9300780a96157f9bbbc85",
    "condition_id": "0x14d78b430aa17e8b4c74b2b513e8cdc7ddc1f7c21889ba147cca726956ebc11f",
    "bracket_low": 300,
    "bracket_high": 319
  },
  {
    "timestamp": 1774634699,
    "market_slug": "elon-musk-of-tweets-march-20-march-27-280-299",
    "event_slug": "elon-musk-of-tweets-march-20-march-27",
    "token_id": "55139486228389827549892242233304360515297906721851715483594409981026909361512",
    "outcome": "No",
    "side": "SELL",
    "price": 0.999,
    "size": 5,
    "transaction_hash": "0x57744622fcea5e8679eae960c056ee20048aedfffc5a314a1bffda65fb49714c",
    "condition_id": "0xfac6f159e683460ee8afccc20e3858dd4f85765efde82850245b3cdc11742537",
    "bracket_low": 280,
    "bracket_high": 299
  },
  {
    "timestamp": 1774634529,
    "market_slug": "elon-musk-of-tweets-march-20-march-27-260-279",
    "event_slug": "elon-musk-of-tweets-march-20-march-27",
    "token_id": "25705881479633919715640326398803927094610014096642737912762385284816311843096",
    "outcome": "Yes",
    "side": "SELL",
    "price": 0.999,
    "size": 604.73,
    "transaction_hash": "0xca4b404ef316f880977adf84ee586bde0e28fd2b146a91f177b4fe4fbc3067c4",
    "condition_id": "0xa26a04f7c0bcd3f88a05c492cae75482612d6a8dd61df39595221c9ab6fa6418",
    "bracket_low": 260,
    "bracket_high": 279
  },
  {
    "timestamp": 1774634389,
    "market_slug": "elon-musk-of-tweets-march-20-march-27-300-319",
    "event_slug": "elon-musk-of-tweets-march-20-march-27",
    "token_id": "73458450470350901923533884368003395408105568548590497983262075096778832401008",
    "outcome": "No",
    "side": "SELL",
    "price": 0.999,
    "size": 200,
    "transaction_hash": "0x3899a8ebb036529b3651db5687e8149bc55e36e9d6a58c78346987af48c6634d",
    "condition_id": "0x14d78b430aa17e8b4c74b2b513e8cdc7ddc1f7c21889ba147cca726956ebc11f",
    "bracket_low": 300,
    "bracket_high": 319
  },
  {
    "timestamp": 1774634381,
    "market_slug": "elon-musk-of-tweets-march-20-march-27-300-319",
    "event_slug": "elon-musk-of-tweets-march-20-march-27",
    "token_id": "73458450470350901923533884368003395408105568548590497983262075096778832401008",
    "outcome": "No",
    "side": "SELL",
    "price": 0.999,
    "size": 5,
    "transaction_hash": "0x33b50c07083b5e6ec201e9e383a17e3240e5437961af448aa4cfd7c663ef790a",
    "condition_id": "0x14d78b430aa17e8b4c74b2b513e8cdc7ddc1f7c21889ba147cca726956ebc11f",
    "bracket_low": 300,
    "bracket_high": 319
  },
  {
    "timestamp": 1774634351,
    "market_slug": "elon-musk-of-tweets-march-20-march-27-260-279",
    "event_slug": "elon-musk-of-tweets-march-20-march-27",
    "token_id": "25705881479633919715640326398803927094610014096642737912762385284816311843096",
    "outcome": "Yes",
    "side": "SELL",
    "price": 0.999,
    "size": 14.69,
    "transaction_hash": "0xc629faf7654384d1d242dde83cb523d51f50eb74f400355072a3eed700e7e219",
    "condition_id": "0xa26a04f7c0bcd3f88a05c492cae75482612d6a8dd61df39595221c9ab6fa6418",
    "bracket_low": 260,
    "bracket_high": 279
  },
  {
    "timestamp": 1774634315,
    "market_slug": "elon-musk-of-tweets-march-20-march-27-260-279",
    "event_slug": "elon-musk-of-tweets-march-20-march-27",
    "token_id": "25705881479633919715640326398803927094610014096642737912762385284816311843096",
    "outcome": "Yes",
    "side": "SELL",
    "price": 0.999,
    "size": 6.16,
    "transaction_hash": "0x07426e8ab59728dd224d0e92f32b687358c6265745285514c08c0c97ed6fb4e1",
    "condition_id": "0xa26a04f7c0bcd3f88a05c492cae75482612d6a8dd61df39595221c9ab6fa6418",
    "bracket_low": 260,
    "bracket_high": 279
  },
  {
    "timestamp": 1774634249,
    "market_slug": "elon-musk-of-tweets-march-20-march-27-300-319",
    "event_slug": "elon-musk-of-tweets-march-20-march-27",
    "token_id": "73458450470350901923533884368003395408105568548590497983262075096778832401008",
    "outcome": "No",
    "side": "SELL",
    "price": 0.999,
    "size": 34.35,
    "transaction_hash": "0x7f01fb714a5b77f840df0f43d36ee21759414c30c27708d3254f23787b2dd57c",
    "condition_id": "0x14d78b430aa17e8b4c74b2b513e8cdc7ddc1f7c21889ba147cca726956ebc11f",
    "bracket_low": 300,
    "bracket_high": 319
  },
  {
    "timestamp": 1774634241,
    "market_slug": "elon-musk-of-tweets-march-20-march-27-260-279",
    "event_slug": "elon-musk-of-tweets-march-20-march-27",
    "token_id": "25705881479633919715640326398803927094610014096642737912762385284816311843096",
    "outcome": "Yes",
    "side": "SELL",
    "price": 0.999,
    "size": 28.11,
    "transaction_hash": "0x8fa53edb1866ead8b6dc63367867d1bea426d07c64b131d90aca38e07e64b3de",
    "condition_id": "0xa26a04f7c0bcd3f88a05c492cae75482612d6a8dd61df39595221c9ab6fa6418",
    "bracket_low": 260,
    "bracket_high": 279
  },
  {
    "timestamp": 1774634031,
    "market_slug": "elon-musk-of-tweets-march-20-march-27-260-279",
    "event_slug": "elon-musk-of-tweets-march-20-march-27",
    "token_id": "25705881479633919715640326398803927094610014096642737912762385284816311843096",
    "outcome": "Yes",
    "side": "SELL",
    "price": 0.999,
    "size": 3.13,
    "transaction_hash": "0x78f150870567c3aa3ef37963a008f6f0b42aecb44843ec0f7c7f9a5a6f597e0a",
    "condition_id": "0xa26a04f7c0bcd3f88a05c492cae75482612d6a8dd61df39595221c9ab6fa6418",
    "bracket_low": 260,
    "bracket_high": 279
  },
  {
    "timestamp": 1774633957,
    "market_slug": "elon-musk-of-tweets-march-20-march-27-300-319",
    "event_slug": "elon-musk-of-tweets-march-20-march-27",
    "token_id": "73458450470350901923533884368003395408105568548590497983262075096778832401008",
    "outcome": "No",
    "side": "SELL",
    "price": 0.999,
    "size": 9.83,
    "transaction_hash": "0xfa4e6eb76f498926205c0341b96c633d0a941cc8a01608313f1ae99ef30efebb",
    "condition_id": "0x14d78b430aa17e8b4c74b2b513e8cdc7ddc1f7c21889ba147cca726956ebc11f",
    "bracket_low": 300,
    "bracket_high": 319
  },
  {
    "timestamp": 1774633925,
    "market_slug": "elon-musk-of-tweets-march-20-march-27-260-279",
    "event_slug": "elon-musk-of-tweets-march-20-march-27",
    "token_id": "25705881479633919715640326398803927094610014096642737912762385284816311843096",
    "outcome": "Yes",
    "side": "SELL",
    "price": 0.999,
    "size": 30.34,
    "transaction_hash": "0xd1e3c460c11513b12ae75c7068529ebf2160b8f41e01c31afe61b0d7f7ea9459",
    "condition_id": "0xa26a04f7c0bcd3f88a05c492cae75482612d6a8dd61df39595221c9ab6fa6418",
    "bracket_low": 260,
    "bracket_high": 279
  },
  {
    "timestamp": 1774633915,
    "market_slug": "elon-musk-of-tweets-march-20-march-27-260-279",
    "event_slug": "elon-musk-of-tweets-march-20-march-27",
    "token_id": "25705881479633919715640326398803927094610014096642737912762385284816311843096",
    "outcome": "Yes",
    "side": "SELL",
    "price": 0.999,
    "size": 104.36,
    "transaction_hash": "0xc4d7bc7817cf5d183f106474eeb9ee255518de0f1720f8738a80f608ea047ab0",
    "condition_id": "0xa26a04f7c0bcd3f88a05c492cae75482612d6a8dd61df39595221c9ab6fa6418",
    "bracket_low": 260,
    "bracket_high": 279
  },
  {
    "timestamp": 1774633895,
    "market_slug": "elon-musk-of-tweets-march-20-march-27-300-319",
    "event_slug": "elon-musk-of-tweets-march-20-march-27",
    "token_id": "73458450470350901923533884368003395408105568548590497983262075096778832401008",
    "outcome": "No",
    "side": "SELL",
    "price": 0.999,
    "size": 120.23,
    "transaction_hash": "0xae2ac149a4ab1462dffa82adccda800822c4a45aa09476aff33c55358756d5ee",
    "condition_id": "0x14d78b430aa17e8b4c74b2b513e8cdc7ddc1f7c21889ba147cca726956ebc11f",
    "bracket_low": 300,
    "bracket_high": 319
  },
  {
    "timestamp": 1774633887,
    "market_slug": "elon-musk-of-tweets-march-20-march-27-320-339",
    "event_slug": "elon-musk-of-tweets-march-20-march-27",
    "token_id": "4469996900504654832885931066942126531677092381016415725837971174294718487558",
    "outcome": "No",
    "side": "SELL",
    "price": 0.999,
    "size": 110.98,
    "transaction_hash": "0xba20568f562e786d005a56459afd5324bfa2a898702e74995eb48917833331b0",
    "condition_id": "0xa023505b1291b4003bd5a019d4e0b1b8bd4bf356a404157be7a8e68c749bfec3",
    "bracket_low": 320,
    "bracket_high": 339
  },
  {
    "timestamp": 1774633831,
    "market_slug": "elon-musk-of-tweets-march-20-march-27-260-279",
    "event_slug": "elon-musk-of-tweets-march-20-march-27",
    "token_id": "25705881479633919715640326398803927094610014096642737912762385284816311843096",
    "outcome": "Yes",
    "side": "SELL",
    "price": 0.999,
    "size": 25.77,
    "transaction_hash": "0x1180519104f65c234f430d16c5ec62688e222d26021069196e33c42fc039c79f",
    "condition_id": "0xa26a04f7c0bcd3f88a05c492cae75482612d6a8dd61df39595221c9ab6fa6418",
    "bracket_low": 260,
    "bracket_high": 279
  },
  {
    "timestamp": 1774633817,
    "market_slug": "elon-musk-of-tweets-march-20-march-27-260-279",
    "event_slug": "elon-musk-of-tweets-march-20-march-27",
    "token_id": "25705881479633919715640326398803927094610014096642737912762385284816311843096",
    "outcome": "Yes",
    "side": "SELL",
    "price": 0.999,
    "size": 272.07,
    "transaction_hash": "0x8067687afbbdd11aac6a29e2f28cf616f048ea89fad14a047173e3eef7b395ef",
    "condition_id": "0xa26a04f7c0bcd3f88a05c492cae75482612d6a8dd61df39595221c9ab6fa6418",
    "bracket_low": 260,
    "bracket_high": 279
  },
  {
    "timestamp": 1774633569,
    "market_slug": "elon-musk-of-tweets-march-20-march-27-260-279",
    "event_slug": "elon-musk-of-tweets-march-20-march-27",
    "token_id": "25705881479633919715640326398803927094610014096642737912762385284816311843096",
    "outcome": "Yes",
    "side": "SELL",
    "price": 0.999,
    "size": 2236.19,
    "transaction_hash": "0x5f78496666bce153d28c5d893cb7c807fa3c775bd1924c491e796191d96a4ba8",
    "condition_id": "0xa26a04f7c0bcd3f88a05c492cae75482612d6a8dd61df39595221c9ab6fa6418",
    "bracket_low": 260,
    "bracket_high": 279
  },
  {
    "timestamp": 1774633555,
    "market_slug": "elon-musk-of-tweets-march-20-march-27-280-299",
    "event_slug": "elon-musk-of-tweets-march-20-march-27",
    "token_id": "55139486228389827549892242233304360515297906721851715483594409981026909361512",
    "outcome": "No",
    "side": "SELL",
    "price": 0.999,
    "size": 1019.38,
    "transaction_hash": "0x7aacfd8e6af559739b2d1d551619027133ab6ecdedddec9a43a2604e779ea78d",
    "condition_id": "0xfac6f159e683460ee8afccc20e3858dd4f85765efde82850245b3cdc11742537",
    "bracket_low": 280,
    "bracket_high": 299
  },
  {
    "timestamp": 1774633475,
    "market_slug": "elon-musk-of-tweets-march-20-march-27-260-279",
    "event_slug": "elon-musk-of-tweets-march-20-march-27",
    "token_id": "25705881479633919715640326398803927094610014096642737912762385284816311843096",
    "outcome": "Yes",
    "side": "SELL",
    "price": 0.999,
    "size": 5.32,
    "transaction_hash": "0xf93872f59f95bb2ba7e2565fbd82cc11c7a56b486ddabab42e71f652c339536a",
    "condition_id": "0xa26a04f7c0bcd3f88a05c492cae75482612d6a8dd61df39595221c9ab6fa6418",
    "bracket_low": 260,
    "bracket_high": 279
  },
  {
    "timestamp": 1774633237,
    "market_slug": "elon-musk-of-tweets-march-20-march-27-260-279",
    "event_slug": "elon-musk-of-tweets-march-20-march-27",
    "token_id": "25705881479633919715640326398803927094610014096642737912762385284816311843096",
    "outcome": "Yes",
    "side": "SELL",
    "price": 0.999,
    "size": 12.36,
    "transaction_hash": "0x77ae449d190663a950c111d192320099417e055cfb051a5c42ab1039c7a3c2a3",
    "condition_id": "0xa26a04f7c0bcd3f88a05c492cae75482612d6a8dd61df39595221c9ab6fa6418",
    "bracket_low": 260,
    "bracket_high": 279
  },
  {
    "timestamp": 1774633181,
    "market_slug": "elon-musk-of-tweets-march-20-march-27-260-279",
    "event_slug": "elon-musk-of-tweets-march-20-march-27",
    "token_id": "25705881479633919715640326398803927094610014096642737912762385284816311843096",
    "outcome": "Yes",
    "side": "SELL",
    "price": 0.999,
    "size": 20.92,
    "transaction_hash": "0xb3f82d747c0c5ff67ee1f45e0a565da2279dd202e37a012785e15a6d99918107",
    "condition_id": "0xa26a04f7c0bcd3f88a05c492cae75482612d6a8dd61df39595221c9ab6fa6418",
    "bracket_low": 260,
    "bracket_high": 279
  },
  {
    "timestamp": 1774632915,
    "market_slug": "elon-musk-of-tweets-march-20-march-27-260-279",
    "event_slug": "elon-musk-of-tweets-march-20-march-27",
    "token_id": "25705881479633919715640326398803927094610014096642737912762385284816311843096",
    "outcome": "Yes",
    "side": "SELL",
    "price": 0.999,
    "size": 3.69,
    "transaction_hash": "0x56a6d5b83ce24f301bb993f02ce2f33c7a55db19f177a9510af1d42139eac8fa",
    "condition_id": "0xa26a04f7c0bcd3f88a05c492cae75482612d6a8dd61df39595221c9ab6fa6418",
    "bracket_low": 260,
    "bracket_high": 279
  },
  {
    "timestamp": 1774632887,
    "market_slug": "elon-musk-of-tweets-march-20-march-27-260-279",
    "event_slug": "elon-musk-of-tweets-march-20-march-27",
    "token_id": "25705881479633919715640326398803927094610014096642737912762385284816311843096",
    "outcome": "Yes",
    "side": "SELL",
    "price": 0.999,
    "size": 653.48,
    "transaction_hash": "0xf84cc9577a0d93c289cee2c6dfc177463c87490ea7ccea33c4c07b633c548637",
    "condition_id": "0xa26a04f7c0bcd3f88a05c492cae75482612d6a8dd61df39595221c9ab6fa6418",
    "bracket_low": 260,
    "bracket_high": 279
  },
  {
    "timestamp": 1774632609,
    "market_slug": "elon-musk-of-tweets-march-20-march-27-260-279",
    "event_slug": "elon-musk-of-tweets-march-20-march-27",
    "token_id": "25705881479633919715640326398803927094610014096642737912762385284816311843096",
    "outcome": "Yes",
    "side": "SELL",
    "price": 0.999,
    "size": 2269.07,
    "transaction_hash": "0x9fb064e84c859317ae2be1d58bdb3f7176857b0e23c36a34c3ea85fa8aad2df1",
    "condition_id": "0xa26a04f7c0bcd3f88a05c492cae75482612d6a8dd61df39595221c9ab6fa6418",
    "bracket_low": 260,
    "bracket_high": 279
  },
  {
    "timestamp": 1774632601,
    "market_slug": "elon-musk-of-tweets-march-20-march-27-260-279",
    "event_slug": "elon-musk-of-tweets-march-20-march-27",
    "token_id": "25705881479633919715640326398803927094610014096642737912762385284816311843096",
    "outcome": "Yes",
    "side": "SELL",
    "price": 0.999,
    "size": 3.74,
    "transaction_hash": "0x83c11cc5843a72e5f92e9442f111f002a475432c297c3e7c76803166d220aadf",
    "condition_id": "0xa26a04f7c0bcd3f88a05c492cae75482612d6a8dd61df39595221c9ab6fa6418",
    "bracket_low": 260,
    "bracket_high": 279
  },
  {
    "timestamp": 1774632295,
    "market_slug": "elon-musk-of-tweets-march-20-march-27-260-279",
    "event_slug": "elon-musk-of-tweets-march-20-march-27",
    "token_id": "25705881479633919715640326398803927094610014096642737912762385284816311843096",
    "outcome": "Yes",
    "side": "SELL",
    "price": 0.999,
    "size": 537.51,
    "transaction_hash": "0x94ffeb518721f22969713c47ca4bdc4ab7467a6869f971689f8d026cec9eefe3",
    "condition_id": "0xa26a04f7c0bcd3f88a05c492cae75482612d6a8dd61df39595221c9ab6fa6418",
    "bracket_low": 260,
    "bracket_high": 279
  },
  {
    "timestamp": 1774632195,
    "market_slug": "elon-musk-of-tweets-march-20-march-27-260-279",
    "event_slug": "elon-musk-of-tweets-march-20-march-27",
    "token_id": "25705881479633919715640326398803927094610014096642737912762385284816311843096",
    "outcome": "Yes",
    "side": "SELL",
    "price": 0.999,
    "size": 8,
    "transaction_hash": "0xfd8e2333afa5dae26e337112c406c391f5d8a0a5d5fa50aca7fad0aeaf0e5db5",
    "condition_id": "0xa26a04f7c0bcd3f88a05c492cae75482612d6a8dd61df39595221c9ab6fa6418",
    "bracket_low": 260,
    "bracket_high": 279
  },
  {
    "timestamp": 1774632143,
    "market_slug": "elon-musk-of-tweets-march-20-march-27-260-279",
    "event_slug": "elon-musk-of-tweets-march-20-march-27",
    "token_id": "25705881479633919715640326398803927094610014096642737912762385284816311843096",
    "outcome": "Yes",
    "side": "SELL",
    "price": 0.999,
    "size": 10,
    "transaction_hash": "0x28193b85db982e3971776fee73dae667b15645c91ba1aa41580c49db981c1b9b",
    "condition_id": "0xa26a04f7c0bcd3f88a05c492cae75482612d6a8dd61df39595221c9ab6fa6418",
    "bracket_low": 260,
    "bracket_high": 279
  },
  {
    "timestamp": 1774632013,
    "market_slug": "elon-musk-of-tweets-march-20-march-27-260-279",
    "event_slug": "elon-musk-of-tweets-march-20-march-27",
    "token_id": "25705881479633919715640326398803927094610014096642737912762385284816311843096",
    "outcome": "Yes",
    "side": "SELL",
    "price": 0.999,
    "size": 500,
    "transaction_hash": "0x98e24d511f48ec557114dbef609ac1050a4828bc302bc058db0d59e7f35f5008",
    "condition_id": "0xa26a04f7c0bcd3f88a05c492cae75482612d6a8dd61df39595221c9ab6fa6418",
    "bracket_low": 260,
    "bracket_high": 279
  },
  {
    "timestamp": 1774631979,
    "market_slug": "elon-musk-of-tweets-march-20-march-27-300-319",
    "event_slug": "elon-musk-of-tweets-march-20-march-27",
    "token_id": "73458450470350901923533884368003395408105568548590497983262075096778832401008",
    "outcome": "No",
    "side": "SELL",
    "price": 0.999,
    "size": 5.24,
    "transaction_hash": "0xdc523eb762ad4d62519612a04ff1a077725be948981e001a5617122f0bf86636",
    "condition_id": "0x14d78b430aa17e8b4c74b2b513e8cdc7ddc1f7c21889ba147cca726956ebc11f",
    "bracket_low": 300,
    "bracket_high": 319
  },
  {
    "timestamp": 1774631835,
    "market_slug": "elon-musk-of-tweets-march-20-march-27-280-299",
    "event_slug": "elon-musk-of-tweets-march-20-march-27",
    "token_id": "55139486228389827549892242233304360515297906721851715483594409981026909361512",
    "outcome": "No",
    "side": "SELL",
    "price": 0.999,
    "size": 4.13,
    "transaction_hash": "0x3d012dbdf09b09ebc931b229c78751614e670436b448e58c82bece4093d6b6b5",
    "condition_id": "0xfac6f159e683460ee8afccc20e3858dd4f85765efde82850245b3cdc11742537",
    "bracket_low": 280,
    "bracket_high": 299
  },
  {
    "timestamp": 1774631835,
    "market_slug": "elon-musk-of-tweets-march-20-march-27-300-319",
    "event_slug": "elon-musk-of-tweets-march-20-march-27",
    "token_id": "73458450470350901923533884368003395408105568548590497983262075096778832401008",
    "outcome": "No",
    "side": "SELL",
    "price": 0.999,
    "size": 23.53,
    "transaction_hash": "0x41cfd33b5196ba6f2e323801d7a98884af44dc947ce4fba16f4c1aabac8852e6",
    "condition_id": "0x14d78b430aa17e8b4c74b2b513e8cdc7ddc1f7c21889ba147cca726956ebc11f",
    "bracket_low": 300,
    "bracket_high": 319
  },
  {
    "timestamp": 1774631823,
    "market_slug": "elon-musk-of-tweets-march-20-march-27-260-279",
    "event_slug": "elon-musk-of-tweets-march-20-march-27",
    "token_id": "25705881479633919715640326398803927094610014096642737912762385284816311843096",
    "outcome": "Yes",
    "side": "SELL",
    "price": 0.999,
    "size": 62.5,
    "transaction_hash": "0x04da6c003e8d89755df8acd01aefb4a5d214dc44f2ac2333696379ab1b892fb6",
    "condition_id": "0xa26a04f7c0bcd3f88a05c492cae75482612d6a8dd61df39595221c9ab6fa6418",
    "bracket_low": 260,
    "bracket_high": 279
  },
  {
    "timestamp": 1774631559,
    "market_slug": "elon-musk-of-tweets-march-20-march-27-260-279",
    "event_slug": "elon-musk-of-tweets-march-20-march-27",
    "token_id": "25705881479633919715640326398803927094610014096642737912762385284816311843096",
    "outcome": "Yes",
    "side": "SELL",
    "price": 0.999,
    "size": 6.14,
    "transaction_hash": "0x5f78cf9ea1101326d515fa8ec232d6524a3784c6cb635ebe059659c4ed8927a9",
    "condition_id": "0xa26a04f7c0bcd3f88a05c492cae75482612d6a8dd61df39595221c9ab6fa6418",
    "bracket_low": 260,
    "bracket_high": 279
  },
  {
    "timestamp": 1774631537,
    "market_slug": "elon-musk-of-tweets-march-20-march-27-260-279",
    "event_slug": "elon-musk-of-tweets-march-20-march-27",
    "token_id": "25705881479633919715640326398803927094610014096642737912762385284816311843096",
    "outcome": "Yes",
    "side": "SELL",
    "price": 0.999,
    "size": 270.97,
    "transaction_hash": "0x2b473c5a31a05d05bf87b00e60bda2a050a996845d6f3920785398e5a4b69825",
    "condition_id": "0xa26a04f7c0bcd3f88a05c492cae75482612d6a8dd61df39595221c9ab6fa6418",
    "bracket_low": 260,
    "bracket_high": 279
  },
  {
    "timestamp": 1774631501,
    "market_slug": "elon-musk-of-tweets-march-20-march-27-260-279",
    "event_slug": "elon-musk-of-tweets-march-20-march-27",
    "token_id": "25705881479633919715640326398803927094610014096642737912762385284816311843096",
    "outcome": "Yes",
    "side": "SELL",
    "price": 0.999,
    "size": 31.25,
    "transaction_hash": "0x938723df2fd7a48fe37dc80e101c85c70dee1bbce25aa8a8546feefaff68fda0",
    "condition_id": "0xa26a04f7c0bcd3f88a05c492cae75482612d6a8dd61df39595221c9ab6fa6418",
    "bracket_low": 260,
    "bracket_high": 279
  },
  {
    "timestamp": 1774631413,
    "market_slug": "elon-musk-of-tweets-march-20-march-27-260-279",
    "event_slug": "elon-musk-of-tweets-march-20-march-27",
    "token_id": "25705881479633919715640326398803927094610014096642737912762385284816311843096",
    "outcome": "Yes",
    "side": "SELL",
    "price": 0.999,
    "size": 12.82,
    "transaction_hash": "0xc564d3f3df125ee50ede5f01f1bf83f047f210692d491bed5b9f9c28c379b7a7",
    "condition_id": "0xa26a04f7c0bcd3f88a05c492cae75482612d6a8dd61df39595221c9ab6fa6418",
    "bracket_low": 260,
    "bracket_high": 279
  },
  {
    "timestamp": 1774631343,
    "market_slug": "elon-musk-of-tweets-march-20-march-27-260-279",
    "event_slug": "elon-musk-of-tweets-march-20-march-27",
    "token_id": "25705881479633919715640326398803927094610014096642737912762385284816311843096",
    "outcome": "Yes",
    "side": "SELL",
    "price": 0.999,
    "size": 2.41,
    "transaction_hash": "0x850bcf8a628e2a0a123dfee9eae6ec43b315567c00f30f7b41696b51f8d85a0f",
    "condition_id": "0xa26a04f7c0bcd3f88a05c492cae75482612d6a8dd61df39595221c9ab6fa6418",
    "bracket_low": 260,
    "bracket_high": 279
  },
  {
    "timestamp": 1774631321,
    "market_slug": "elon-musk-of-tweets-march-20-march-27-300-319",
    "event_slug": "elon-musk-of-tweets-march-20-march-27",
    "token_id": "73458450470350901923533884368003395408105568548590497983262075096778832401008",
    "outcome": "No",
    "side": "SELL",
    "price": 0.999,
    "size": 10,
    "transaction_hash": "0xdb1a9956923982d63206e469237ac377988f84ea34e41f27a71ace695901eb4e",
    "condition_id": "0x14d78b430aa17e8b4c74b2b513e8cdc7ddc1f7c21889ba147cca726956ebc11f",
    "bracket_low": 300,
    "bracket_high": 319
  },
  {
    "timestamp": 1774631253,
    "market_slug": "elon-musk-of-tweets-march-20-march-27-260-279",
    "event_slug": "elon-musk-of-tweets-march-20-march-27",
    "token_id": "25705881479633919715640326398803927094610014096642737912762385284816311843096",
    "outcome": "Yes",
    "side": "SELL",
    "price": 0.999,
    "size": 1.38,
    "transaction_hash": "0x78abaa9b552c857e2f977f857f00c100ded94eb9e225e5f9cc49913bb0ceba4b",
    "condition_id": "0xa26a04f7c0bcd3f88a05c492cae75482612d6a8dd61df39595221c9ab6fa6418",
    "bracket_low": 260,
    "bracket_high": 279
  },
  {
    "timestamp": 1774631249,
    "market_slug": "elon-musk-of-tweets-march-20-march-27-280-299",
    "event_slug": "elon-musk-of-tweets-march-20-march-27",
    "token_id": "55139486228389827549892242233304360515297906721851715483594409981026909361512",
    "outcome": "No",
    "side": "SELL",
    "price": 0.999,
    "size": 2.84,
    "transaction_hash": "0x16a75ec87d387f189320e7e7d1c9240d9b68d4eac07e556b971cb28c175c78db",
    "condition_id": "0xfac6f159e683460ee8afccc20e3858dd4f85765efde82850245b3cdc11742537",
    "bracket_low": 280,
    "bracket_high": 299
  },
  {
    "timestamp": 1774631249,
    "market_slug": "elon-musk-of-tweets-march-20-march-27-260-279",
    "event_slug": "elon-musk-of-tweets-march-20-march-27",
    "token_id": "25705881479633919715640326398803927094610014096642737912762385284816311843096",
    "outcome": "Yes",
    "side": "SELL",
    "price": 0.999,
    "size": 44.93,
    "transaction_hash": "0x165a4f2a4544118351ac3d4e2a30ce4869d4b0ebb7189c809c53b05e752fbd42",
    "condition_id": "0xa26a04f7c0bcd3f88a05c492cae75482612d6a8dd61df39595221c9ab6fa6418",
    "bracket_low": 260,
    "bracket_high": 279
  },
  {
    "timestamp": 1774631229,
    "market_slug": "elon-musk-of-tweets-march-20-march-27-260-279",
    "event_slug": "elon-musk-of-tweets-march-20-march-27",
    "token_id": "25705881479633919715640326398803927094610014096642737912762385284816311843096",
    "outcome": "Yes",
    "side": "SELL",
    "price": 0.999,
    "size": 485.81,
    "transaction_hash": "0x3cbb6ba7b3f9b6d9e9359fabeb2b47f51734a0e0aa6225974e202d6bb9bd9d5f",
    "condition_id": "0xa26a04f7c0bcd3f88a05c492cae75482612d6a8dd61df39595221c9ab6fa6418",
    "bracket_low": 260,
    "bracket_high": 279
  },
  {
    "timestamp": 1774631041,
    "market_slug": "elon-musk-of-tweets-march-20-march-27-280-299",
    "event_slug": "elon-musk-of-tweets-march-20-march-27",
    "token_id": "55139486228389827549892242233304360515297906721851715483594409981026909361512",
    "outcome": "No",
    "side": "SELL",
    "price": 0.999,
    "size": 6,
    "transaction_hash": "0x870981b5412436d67b0e4400113b8b872edc85ae435a6c1c2925e633de77c85d",
    "condition_id": "0xfac6f159e683460ee8afccc20e3858dd4f85765efde82850245b3cdc11742537",
    "bracket_low": 280,
    "bracket_high": 299
  },
  {
    "timestamp": 1774630987,
    "market_slug": "elon-musk-of-tweets-march-20-march-27-260-279",
    "event_slug": "elon-musk-of-tweets-march-20-march-27",
    "token_id": "32928166797200841613792765780937291326352926999408514899428797845522770262351",
    "outcome": "No",
    "side": "BUY",
    "price": 0.001,
    "size": 1000,
    "transaction_hash": "0x4f26bdf0558ee85c5059506b22e9f45e44b02cb287a85310add77fa322093cf9",
    "condition_id": "0xa26a04f7c0bcd3f88a05c492cae75482612d6a8dd61df39595221c9ab6fa6418",
    "bracket_low": 260,
    "bracket_high": 279
  },
  {
    "timestamp": 1774630911,
    "market_slug": "elon-musk-of-tweets-march-20-march-27-260-279",
    "event_slug": "elon-musk-of-tweets-march-20-march-27",
    "token_id": "25705881479633919715640326398803927094610014096642737912762385284816311843096",
    "outcome": "Yes",
    "side": "SELL",
    "price": 0.999,
    "size": 20.24,
    "transaction_hash": "0x4539328ec19249b858b587847723b9943d60fd014d09cbc9957a97031a5551ed",
    "condition_id": "0xa26a04f7c0bcd3f88a05c492cae75482612d6a8dd61df39595221c9ab6fa6418",
    "bracket_low": 260,
    "bracket_high": 279
  },
  {
    "timestamp": 1774630899,
    "market_slug": "elon-musk-of-tweets-march-20-march-27-260-279",
    "event_slug": "elon-musk-of-tweets-march-20-march-27",
    "token_id": "25705881479633919715640326398803927094610014096642737912762385284816311843096",
    "outcome": "Yes",
    "side": "SELL",
    "price": 0.999,
    "size": 3.93,
    "transaction_hash": "0x2729c2dee5e7880969de995c2a64c51407041a840b5f4657323e05ef5e32b447",
    "condition_id": "0xa26a04f7c0bcd3f88a05c492cae75482612d6a8dd61df39595221c9ab6fa6418",
    "bracket_low": 260,
    "bracket_high": 279
  },
  {
    "timestamp": 1774630735,
    "market_slug": "elon-musk-of-tweets-march-20-march-27-300-319",
    "event_slug": "elon-musk-of-tweets-march-20-march-27",
    "token_id": "73458450470350901923533884368003395408105568548590497983262075096778832401008",
    "outcome": "No",
    "side": "SELL",
    "price": 0.999,
    "size": 514.15,
    "transaction_hash": "0x8eb5064f6e1369323b10db28b1df1640557953ba60a82dce300ac27d2af36582",
    "condition_id": "0x14d78b430aa17e8b4c74b2b513e8cdc7ddc1f7c21889ba147cca726956ebc11f",
    "bracket_low": 300,
    "bracket_high": 319
  },
  {
    "timestamp": 1774630521,
    "market_slug": "elon-musk-of-tweets-march-20-march-27-260-279",
    "event_slug": "elon-musk-of-tweets-march-20-march-27",
    "token_id": "25705881479633919715640326398803927094610014096642737912762385284816311843096",
    "outcome": "Yes",
    "side": "SELL",
    "price": 0.999,
    "size": 23.6,
    "transaction_hash": "0x66b9b66dfea85cecc6c39cd5b4acb0c1dc89ceb045cbb788f4fa47535ff1eec2",
    "condition_id": "0xa26a04f7c0bcd3f88a05c492cae75482612d6a8dd61df39595221c9ab6fa6418",
    "bracket_low": 260,
    "bracket_high": 279
  },
  {
    "timestamp": 1774630385,
    "market_slug": "elon-musk-of-tweets-march-20-march-27-260-279",
    "event_slug": "elon-musk-of-tweets-march-20-march-27",
    "token_id": "25705881479633919715640326398803927094610014096642737912762385284816311843096",
    "outcome": "Yes",
    "side": "SELL",
    "price": 0.999,
    "size": 34.08,
    "transaction_hash": "0xebe6d538695c21faf16d2bc144872e7adcfd282f3ac91ecdc98a6c54c26c12e2",
    "condition_id": "0xa26a04f7c0bcd3f88a05c492cae75482612d6a8dd61df39595221c9ab6fa6418",
    "bracket_low": 260,
    "bracket_high": 279
  },
  {
    "timestamp": 1774630379,
    "market_slug": "elon-musk-of-tweets-march-20-march-27-280-299",
    "event_slug": "elon-musk-of-tweets-march-20-march-27",
    "token_id": "55139486228389827549892242233304360515297906721851715483594409981026909361512",
    "outcome": "No",
    "side": "SELL",
    "price": 0.999,
    "size": 3499.95,
    "transaction_hash": "0x4353fa8201a1dfa3ff39b8e7e4c0412af1ce7d92308d0b498ef90d11de09bd9b",
    "condition_id": "0xfac6f159e683460ee8afccc20e3858dd4f85765efde82850245b3cdc11742537",
    "bracket_low": 280,
    "bracket_high": 299
  },
  {
    "timestamp": 1774630377,
    "market_slug": "elon-musk-of-tweets-march-20-march-27-260-279",
    "event_slug": "elon-musk-of-tweets-march-20-march-27",
    "token_id": "25705881479633919715640326398803927094610014096642737912762385284816311843096",
    "outcome": "Yes",
    "side": "SELL",
    "price": 0.999,
    "size": 34.6,
    "transaction_hash": "0x923758cdf632d1a88ef1cec0568a132ce22ee11a778e189e1a4fd8f6eb664097",
    "condition_id": "0xa26a04f7c0bcd3f88a05c492cae75482612d6a8dd61df39595221c9ab6fa6418",
    "bracket_low": 260,
    "bracket_high": 279
  },
  {
    "timestamp": 1774630169,
    "market_slug": "elon-musk-of-tweets-march-20-march-27-260-279",
    "event_slug": "elon-musk-of-tweets-march-20-march-27",
    "token_id": "25705881479633919715640326398803927094610014096642737912762385284816311843096",
    "outcome": "Yes",
    "side": "SELL",
    "price": 0.999,
    "size": 352.96,
    "transaction_hash": "0x48a6fd78133f1546d391db4e5af0a4689ba5e8e9259a27d3be6abdd773aadd34",
    "condition_id": "0xa26a04f7c0bcd3f88a05c492cae75482612d6a8dd61df39595221c9ab6fa6418",
    "bracket_low": 260,
    "bracket_high": 279
  },
  {
    "timestamp": 1774630129,
    "market_slug": "elon-musk-of-tweets-march-20-march-27-260-279",
    "event_slug": "elon-musk-of-tweets-march-20-march-27",
    "token_id": "25705881479633919715640326398803927094610014096642737912762385284816311843096",
    "outcome": "Yes",
    "side": "SELL",
    "price": 0.999,
    "size": 1371.06,
    "transaction_hash": "0x65ce447f9704dbf37a4d6dfe930ebf9e8da0e4877e5487505c0dd7fca811dea6",
    "condition_id": "0xa26a04f7c0bcd3f88a05c492cae75482612d6a8dd61df39595221c9ab6fa6418",
    "bracket_low": 260,
    "bracket_high": 279
  },
  {
    "timestamp": 1774630109,
    "market_slug": "elon-musk-of-tweets-march-20-march-27-260-279",
    "event_slug": "elon-musk-of-tweets-march-20-march-27",
    "token_id": "25705881479633919715640326398803927094610014096642737912762385284816311843096",
    "outcome": "Yes",
    "side": "SELL",
    "price": 0.999,
    "size": 3.1,
    "transaction_hash": "0x853c248bddbb6867e69eeffb9bbabd92ee6b0c24804d62ba6ab5f794677a9e30",
    "condition_id": "0xa26a04f7c0bcd3f88a05c492cae75482612d6a8dd61df39595221c9ab6fa6418",
    "bracket_low": 260,
    "bracket_high": 279
  },
  {
    "timestamp": 1774629985,
    "market_slug": "elon-musk-of-tweets-march-20-march-27-280-299",
    "event_slug": "elon-musk-of-tweets-march-20-march-27",
    "token_id": "55139486228389827549892242233304360515297906721851715483594409981026909361512",
    "outcome": "No",
    "side": "SELL",
    "price": 0.999,
    "size": 129.36,
    "transaction_hash": "0x0cb8ffc39cea33158502606fab48af006b4a6bc41304f6fd79cfe819a860d690",
    "condition_id": "0xfac6f159e683460ee8afccc20e3858dd4f85765efde82850245b3cdc11742537",
    "bracket_low": 280,
    "bracket_high": 299
  },
  {
    "timestamp": 1774629979,
    "market_slug": "elon-musk-of-tweets-march-20-march-27-260-279",
    "event_slug": "elon-musk-of-tweets-march-20-march-27",
    "token_id": "25705881479633919715640326398803927094610014096642737912762385284816311843096",
    "outcome": "Yes",
    "side": "SELL",
    "price": 0.999,
    "size": 111.89,
    "transaction_hash": "0x09c46a79c246cdf1cb5c147b193b466c8a5cd63a44c9265601dec0cbd68c0e48",
    "condition_id": "0xa26a04f7c0bcd3f88a05c492cae75482612d6a8dd61df39595221c9ab6fa6418",
    "bracket_low": 260,
    "bracket_high": 279
  },
  {
    "timestamp": 1774629891,
    "market_slug": "elon-musk-of-tweets-march-20-march-27-260-279",
    "event_slug": "elon-musk-of-tweets-march-20-march-27",
    "token_id": "25705881479633919715640326398803927094610014096642737912762385284816311843096",
    "outcome": "Yes",
    "side": "SELL",
    "price": 0.999,
    "size": 40.13,
    "transaction_hash": "0x84f2655e9b1026e21a70d2255894f4e4b166ee5593e75190c64c84fac7c7e49a",
    "condition_id": "0xa26a04f7c0bcd3f88a05c492cae75482612d6a8dd61df39595221c9ab6fa6418",
    "bracket_low": 260,
    "bracket_high": 279
  },
  {
    "timestamp": 1774629881,
    "market_slug": "elon-musk-of-tweets-march-20-march-27-260-279",
    "event_slug": "elon-musk-of-tweets-march-20-march-27",
    "token_id": "25705881479633919715640326398803927094610014096642737912762385284816311843096",
    "outcome": "Yes",
    "side": "SELL",
    "price": 0.999,
    "size": 14.28,
    "transaction_hash": "0x40c664772937175b0493a14471889e17b74f33e74564f16681feebd05b170235",
    "condition_id": "0xa26a04f7c0bcd3f88a05c492cae75482612d6a8dd61df39595221c9ab6fa6418",
    "bracket_low": 260,
    "bracket_high": 279
  },
  {
    "timestamp": 1774629849,
    "market_slug": "elon-musk-of-tweets-march-20-march-27-260-279",
    "event_slug": "elon-musk-of-tweets-march-20-march-27",
    "token_id": "25705881479633919715640326398803927094610014096642737912762385284816311843096",
    "outcome": "Yes",
    "side": "SELL",
    "price": 0.999,
    "size": 20,
    "transaction_hash": "0x64a955c0470c34b3cb521a97c647d1ba4d79382b3624b58906625aebd4480c08",
    "condition_id": "0xa26a04f7c0bcd3f88a05c492cae75482612d6a8dd61df39595221c9ab6fa6418",
    "bracket_low": 260,
    "bracket_high": 279
  },
  {
    "timestamp": 1774629783,
    "market_slug": "elon-musk-of-tweets-march-20-march-27-260-279",
    "event_slug": "elon-musk-of-tweets-march-20-march-27",
    "token_id": "25705881479633919715640326398803927094610014096642737912762385284816311843096",
    "outcome": "Yes",
    "side": "SELL",
    "price": 0.999,
    "size": 500,
    "transaction_hash": "0xaa06c439d490de9697fa94108c7a2bcbd6ab6ee944f2c52f7fb0fcccda310070",
    "condition_id": "0xa26a04f7c0bcd3f88a05c492cae75482612d6a8dd61df39595221c9ab6fa6418",
    "bracket_low": 260,
    "bracket_high": 279
  },
  {
    "timestamp": 1774629715,
    "market_slug": "elon-musk-of-tweets-march-20-march-27-260-279",
    "event_slug": "elon-musk-of-tweets-march-20-march-27",
    "token_id": "25705881479633919715640326398803927094610014096642737912762385284816311843096",
    "outcome": "Yes",
    "side": "SELL",
    "price": 0.999,
    "size": 64.19,
    "transaction_hash": "0xa40ad42037739dc78408cd7c4ce941ca658dca338eb48f8db33bc89f73a27f1d",
    "condition_id": "0xa26a04f7c0bcd3f88a05c492cae75482612d6a8dd61df39595221c9ab6fa6418",
    "bracket_low": 260,
    "bracket_high": 279
  },
  {
    "timestamp": 1774629711,
    "market_slug": "elon-musk-of-tweets-march-20-march-27-280-299",
    "event_slug": "elon-musk-of-tweets-march-20-march-27",
    "token_id": "55139486228389827549892242233304360515297906721851715483594409981026909361512",
    "outcome": "No",
    "side": "SELL",
    "price": 0.999,
    "size": 7.24,
    "transaction_hash": "0x3ed92ad66b6d975574609299595b2856fe27dabc373cc8cd45c49bd8d70d2f74",
    "condition_id": "0xfac6f159e683460ee8afccc20e3858dd4f85765efde82850245b3cdc11742537",
    "bracket_low": 280,
    "bracket_high": 299
  },
  {
    "timestamp": 1774629693,
    "market_slug": "elon-musk-of-tweets-march-20-march-27-420-439",
    "event_slug": "elon-musk-of-tweets-march-20-march-27",
    "token_id": "89300831582309533156373414396436606153486294109876285367219235842324448513071",
    "outcome": "Yes",
    "side": "BUY",
    "price": 0.001,
    "size": 1000,
    "transaction_hash": "0x76af1aee2c2e62d65d228a1a80c549f4dd43c05f6a52068fc1041abc272340bf",
    "condition_id": "0x83125581f825bbedeca66a92070a5deac26d987821111bf28ecdf6d7b69648c5",
    "bracket_low": 420,
    "bracket_high": 439
  },
  {
    "timestamp": 1774629619,
    "market_slug": "elon-musk-of-tweets-march-20-march-27-260-279",
    "event_slug": "elon-musk-of-tweets-march-20-march-27",
    "token_id": "25705881479633919715640326398803927094610014096642737912762385284816311843096",
    "outcome": "Yes",
    "side": "SELL",
    "price": 0.999,
    "size": 8.1,
    "transaction_hash": "0xa3e073210a9a06c9498687c427fdde477cc29b77fd463204617892b0173906c1",
    "condition_id": "0xa26a04f7c0bcd3f88a05c492cae75482612d6a8dd61df39595221c9ab6fa6418",
    "bracket_low": 260,
    "bracket_high": 279
  },
  {
    "timestamp": 1774629603,
    "market_slug": "elon-musk-of-tweets-march-20-march-27-440-459",
    "event_slug": "elon-musk-of-tweets-march-20-march-27",
    "token_id": "3549339586125718678545884039612931649273488018067994812296574918914452160049",
    "outcome": "Yes",
    "side": "BUY",
    "price": 0.001,
    "size": 1000,
    "transaction_hash": "0xafca6999a4b6c28adc3b0b4c1b54b025b63ef46e4d29c798da1df4aa4d7d5a4a",
    "condition_id": "0x267907aba54d3ff1bbefbfeefa25e46c8381fab6dbb6e084ff578663aab66f89",
    "bracket_low": 440,
    "bracket_high": 459
  },
  {
    "timestamp": 1774629485,
    "market_slug": "elon-musk-of-tweets-march-20-march-27-260-279",
    "event_slug": "elon-musk-of-tweets-march-20-march-27",
    "token_id": "25705881479633919715640326398803927094610014096642737912762385284816311843096",
    "outcome": "Yes",
    "side": "SELL",
    "price": 0.999,
    "size": 15.75,
    "transaction_hash": "0xc193ac47e421b4202a7b7206ea881dd45a67372e1d21a917c4f8afdc5d50b34c",
    "condition_id": "0xa26a04f7c0bcd3f88a05c492cae75482612d6a8dd61df39595221c9ab6fa6418",
    "bracket_low": 260,
    "bracket_high": 279
  },
  {
    "timestamp": 1774629337,
    "market_slug": "elon-musk-of-tweets-march-20-march-27-260-279",
    "event_slug": "elon-musk-of-tweets-march-20-march-27",
    "token_id": "25705881479633919715640326398803927094610014096642737912762385284816311843096",
    "outcome": "Yes",
    "side": "SELL",
    "price": 0.999,
    "size": 29.7,
    "transaction_hash": "0x97d36d647d7996542fdfe1d5a62cb6d3322564b381ccd2c16fe709532260017f",
    "condition_id": "0xa26a04f7c0bcd3f88a05c492cae75482612d6a8dd61df39595221c9ab6fa6418",
    "bracket_low": 260,
    "bracket_high": 279
  },
  {
    "timestamp": 1774629311,
    "market_slug": "elon-musk-of-tweets-march-20-march-27-260-279",
    "event_slug": "elon-musk-of-tweets-march-20-march-27",
    "token_id": "25705881479633919715640326398803927094610014096642737912762385284816311843096",
    "outcome": "Yes",
    "side": "SELL",
    "price": 0.999,
    "size": 1000,
    "transaction_hash": "0x1ec10345574c3191b64ba94e08849d47f3ffe7a3085f4f97550860763aaf6858",
    "condition_id": "0xa26a04f7c0bcd3f88a05c492cae75482612d6a8dd61df39595221c9ab6fa6418",
    "bracket_low": 260,
    "bracket_high": 279
  },
  {
    "timestamp": 1774629305,
    "market_slug": "elon-musk-of-tweets-march-20-march-27-260-279",
    "event_slug": "elon-musk-of-tweets-march-20-march-27",
    "token_id": "25705881479633919715640326398803927094610014096642737912762385284816311843096",
    "outcome": "Yes",
    "side": "SELL",
    "price": 0.999,
    "size": 400,
    "transaction_hash": "0xc3ed60228ccaa37c8afa2624db482d23529aa483d58b004a3d0699a41659a6fd",
    "condition_id": "0xa26a04f7c0bcd3f88a05c492cae75482612d6a8dd61df39595221c9ab6fa6418",
    "bracket_low": 260,
    "bracket_high": 279
  },
  {
    "timestamp": 1774629235,
    "market_slug": "elon-musk-of-tweets-march-20-march-27-260-279",
    "event_slug": "elon-musk-of-tweets-march-20-march-27",
    "token_id": "25705881479633919715640326398803927094610014096642737912762385284816311843096",
    "outcome": "Yes",
    "side": "SELL",
    "price": 0.999,
    "size": 5,
    "transaction_hash": "0x1fd8e69dc870d47fc8ef82da2eb326f321ce8a73dca9e67b324be45df97c56df",
    "condition_id": "0xa26a04f7c0bcd3f88a05c492cae75482612d6a8dd61df39595221c9ab6fa6418",
    "bracket_low": 260,
    "bracket_high": 279
  },
  {
    "timestamp": 1774629213,
    "market_slug": "elon-musk-of-tweets-march-20-march-27-260-279",
    "event_slug": "elon-musk-of-tweets-march-20-march-27",
    "token_id": "25705881479633919715640326398803927094610014096642737912762385284816311843096",
    "outcome": "Yes",
    "side": "SELL",
    "price": 0.999,
    "size": 612.43,
    "transaction_hash": "0x870b138b5ac034cd1b84a501e9e3277807554356779760f76f0ecd55e46a2638",
    "condition_id": "0xa26a04f7c0bcd3f88a05c492cae75482612d6a8dd61df39595221c9ab6fa6418",
    "bracket_low": 260,
    "bracket_high": 279
  },
  {
    "timestamp": 1774629115,
    "market_slug": "elon-musk-of-tweets-march-20-march-27-260-279",
    "event_slug": "elon-musk-of-tweets-march-20-march-27",
    "token_id": "25705881479633919715640326398803927094610014096642737912762385284816311843096",
    "outcome": "Yes",
    "side": "SELL",
    "price": 0.999,
    "size": 27.37,
    "transaction_hash": "0x0ddd371dad0d78cab2df98baff093aab8d68ec6bd84f4a4cd57edc377d7d315a",
    "condition_id": "0xa26a04f7c0bcd3f88a05c492cae75482612d6a8dd61df39595221c9ab6fa6418",
    "bracket_low": 260,
    "bracket_high": 279
  },
  {
    "timestamp": 1774629049,
    "market_slug": "elon-musk-of-tweets-march-20-march-27-260-279",
    "event_slug": "elon-musk-of-tweets-march-20-march-27",
    "token_id": "25705881479633919715640326398803927094610014096642737912762385284816311843096",
    "outcome": "Yes",
    "side": "SELL",
    "price": 0.999,
    "size": 5,
    "transaction_hash": "0x335b705bc14eab500d2efd69dd2921e0f22b1a2d8daff15916384d24a81f9723",
    "condition_id": "0xa26a04f7c0bcd3f88a05c492cae75482612d6a8dd61df39595221c9ab6fa6418",
    "bracket_low": 260,
    "bracket_high": 279
  },
  {
    "timestamp": 1774629047,
    "market_slug": "elon-musk-of-tweets-march-20-march-27-260-279",
    "event_slug": "elon-musk-of-tweets-march-20-march-27",
    "token_id": "25705881479633919715640326398803927094610014096642737912762385284816311843096",
    "outcome": "Yes",
    "side": "SELL",
    "price": 0.999,
    "size": 4.18,
    "transaction_hash": "0x5888f65b0880903b7613514d9967c746e20a9ef5101a0910951e673b9773096c",
    "condition_id": "0xa26a04f7c0bcd3f88a05c492cae75482612d6a8dd61df39595221c9ab6fa6418",
    "bracket_low": 260,
    "bracket_high": 279
  },
  {
    "timestamp": 1774629037,
    "market_slug": "elon-musk-of-tweets-march-20-march-27-260-279",
    "event_slug": "elon-musk-of-tweets-march-20-march-27",
    "token_id": "25705881479633919715640326398803927094610014096642737912762385284816311843096",
    "outcome": "Yes",
    "side": "SELL",
    "price": 0.999,
    "size": 351.18,
    "transaction_hash": "0xe96ff7dfd4505d0c165898a6d1cc1bb81b45397bfa5b03ed9994943ab71d2d48",
    "condition_id": "0xa26a04f7c0bcd3f88a05c492cae75482612d6a8dd61df39595221c9ab6fa6418",
    "bracket_low": 260,
    "bracket_high": 279
  },
  {
    "timestamp": 1774629031,
    "market_slug": "elon-musk-of-tweets-march-20-march-27-280-299",
    "event_slug": "elon-musk-of-tweets-march-20-march-27",
    "token_id": "55139486228389827549892242233304360515297906721851715483594409981026909361512",
    "outcome": "No",
    "side": "SELL",
    "price": 0.999,
    "size": 1.07,
    "transaction_hash": "0xb7ea232ab0314cfe2c56a914a3b4d0956f5dabb55e4cc6cd9324e10d6247f3ff",
    "condition_id": "0xfac6f159e683460ee8afccc20e3858dd4f85765efde82850245b3cdc11742537",
    "bracket_low": 280,
    "bracket_high": 299
  },
  {
    "timestamp": 1774629011,
    "market_slug": "elon-musk-of-tweets-march-20-march-27-260-279",
    "event_slug": "elon-musk-of-tweets-march-20-march-27",
    "token_id": "25705881479633919715640326398803927094610014096642737912762385284816311843096",
    "outcome": "Yes",
    "side": "SELL",
    "price": 0.999,
    "size": 119.37,
    "transaction_hash": "0x7a20bdb66c9585468722a21ec889bb9ce7bd66a59a0ef60dba578f09fc801cec",
    "condition_id": "0xa26a04f7c0bcd3f88a05c492cae75482612d6a8dd61df39595221c9ab6fa6418",
    "bracket_low": 260,
    "bracket_high": 279
  },
  {
    "timestamp": 1774629009,
    "market_slug": "elon-musk-of-tweets-march-20-march-27-260-279",
    "event_slug": "elon-musk-of-tweets-march-20-march-27",
    "token_id": "25705881479633919715640326398803927094610014096642737912762385284816311843096",
    "outcome": "Yes",
    "side": "SELL",
    "price": 0.999,
    "size": 48.94,
    "transaction_hash": "0xb67743ca04d07111a25c0ca2dec62f378fe67a667d8a2a8d389be43e23473a88",
    "condition_id": "0xa26a04f7c0bcd3f88a05c492cae75482612d6a8dd61df39595221c9ab6fa6418",
    "bracket_low": 260,
    "bracket_high": 279
  },
  {
    "timestamp": 1774629001,
    "market_slug": "elon-musk-of-tweets-march-20-march-27-260-279",
    "event_slug": "elon-musk-of-tweets-march-20-march-27",
    "token_id": "32928166797200841613792765780937291326352926999408514899428797845522770262351",
    "outcome": "No",
    "side": "BUY",
    "price": 0.001,
    "size": 10000,
    "transaction_hash": "0xb4a7e5c47fcca4f1ff687dbff8fc1d6ab1e040f5b62d1ad5cc00fbbd23deccee",
    "condition_id": "0xa26a04f7c0bcd3f88a05c492cae75482612d6a8dd61df39595221c9ab6fa6418",
    "bracket_low": 260,
    "bracket_high": 279
  },
  {
    "timestamp": 1774629001,
    "market_slug": "elon-musk-of-tweets-march-20-march-27-260-279",
    "event_slug": "elon-musk-of-tweets-march-20-march-27",
    "token_id": "25705881479633919715640326398803927094610014096642737912762385284816311843096",
    "outcome": "Yes",
    "side": "SELL",
    "price": 0.999,
    "size": 44.07,
    "transaction_hash": "0x852341a34d8b10b44cd25443fbd96a6859a75bb4c168229053512c7cece123c1",
    "condition_id": "0xa26a04f7c0bcd3f88a05c492cae75482612d6a8dd61df39595221c9ab6fa6418",
    "bracket_low": 260,
    "bracket_high": 279
  },
  {
    "timestamp": 1774628985,
    "market_slug": "elon-musk-of-tweets-march-20-march-27-260-279",
    "event_slug": "elon-musk-of-tweets-march-20-march-27",
    "token_id": "25705881479633919715640326398803927094610014096642737912762385284816311843096",
    "outcome": "Yes",
    "side": "SELL",
    "price": 0.999,
    "size": 11.15,
    "transaction_hash": "0x0daf3301f6dffae65c2fb6d586523412bf5c4aa0f7545b1e917232d4d73feb9a",
    "condition_id": "0xa26a04f7c0bcd3f88a05c492cae75482612d6a8dd61df39595221c9ab6fa6418",
    "bracket_low": 260,
    "bracket_high": 279
  },
  {
    "timestamp": 1774628955,
    "market_slug": "elon-musk-of-tweets-march-20-march-27-260-279",
    "event_slug": "elon-musk-of-tweets-march-20-march-27",
    "token_id": "25705881479633919715640326398803927094610014096642737912762385284816311843096",
    "outcome": "Yes",
    "side": "SELL",
    "price": 0.999,
    "size": 758.68,
    "transaction_hash": "0x7eea88e7443ccc9f7c56ce2155d23050790dceff2a2d3be9454b6c3d56ca981f",
    "condition_id": "0xa26a04f7c0bcd3f88a05c492cae75482612d6a8dd61df39595221c9ab6fa6418",
    "bracket_low": 260,
    "bracket_high": 279
  },
  {
    "timestamp": 1774628937,
    "market_slug": "elon-musk-of-tweets-march-20-march-27-260-279",
    "event_slug": "elon-musk-of-tweets-march-20-march-27",
    "token_id": "25705881479633919715640326398803927094610014096642737912762385284816311843096",
    "outcome": "Yes",
    "side": "SELL",
    "price": 0.999,
    "size": 200.64,
    "transaction_hash": "0x5077525dfa35eb55fe819c68349f05d20ed0b367fd748ca82cbc19584b74411d",
    "condition_id": "0xa26a04f7c0bcd3f88a05c492cae75482612d6a8dd61df39595221c9ab6fa6418",
    "bracket_low": 260,
    "bracket_high": 279
  },
  {
    "timestamp": 1774628909,
    "market_slug": "elon-musk-of-tweets-march-20-march-27-260-279",
    "event_slug": "elon-musk-of-tweets-march-20-march-27",
    "token_id": "25705881479633919715640326398803927094610014096642737912762385284816311843096",
    "outcome": "Yes",
    "side": "SELL",
    "price": 0.999,
    "size": 31.51,
    "transaction_hash": "0xbfd64a75e590c51657cb7ac5ea38bac128fc3dd2b9642f80a21061cd3758bcc1",
    "condition_id": "0xa26a04f7c0bcd3f88a05c492cae75482612d6a8dd61df39595221c9ab6fa6418",
    "bracket_low": 260,
    "bracket_high": 279
  },
  {
    "timestamp": 1774628885,
    "market_slug": "elon-musk-of-tweets-march-20-march-27-260-279",
    "event_slug": "elon-musk-of-tweets-march-20-march-27",
    "token_id": "25705881479633919715640326398803927094610014096642737912762385284816311843096",
    "outcome": "Yes",
    "side": "SELL",
    "price": 0.999,
    "size": 15.27,
    "transaction_hash": "0xf0fcd967b12fa191157615c6d0c5f45b5d014a06540f4eefbf1ed1a18f9a6637",
    "condition_id": "0xa26a04f7c0bcd3f88a05c492cae75482612d6a8dd61df39595221c9ab6fa6418",
    "bracket_low": 260,
    "bracket_high": 279
  },
  {
    "timestamp": 1774628881,
    "market_slug": "elon-musk-of-tweets-march-20-march-27-260-279",
    "event_slug": "elon-musk-of-tweets-march-20-march-27",
    "token_id": "25705881479633919715640326398803927094610014096642737912762385284816311843096",
    "outcome": "Yes",
    "side": "SELL",
    "price": 0.999,
    "size": 43.79,
    "transaction_hash": "0xd29fd60ec5faef74d0f4b10616e986a0450eae5b52de304c456be01ee80d0d7b",
    "condition_id": "0xa26a04f7c0bcd3f88a05c492cae75482612d6a8dd61df39595221c9ab6fa6418",
    "bracket_low": 260,
    "bracket_high": 279
  },
  {
    "timestamp": 1774628863,
    "market_slug": "elon-musk-of-tweets-march-20-march-27-260-279",
    "event_slug": "elon-musk-of-tweets-march-20-march-27",
    "token_id": "25705881479633919715640326398803927094610014096642737912762385284816311843096",
    "outcome": "Yes",
    "side": "SELL",
    "price": 0.999,
    "size": 113.76,
    "transaction_hash": "0x36efa184d86d77af326a4c6fe0488e8589ffeb3acad871d050c3baeb074ba36d",
    "condition_id": "0xa26a04f7c0bcd3f88a05c492cae75482612d6a8dd61df39595221c9ab6fa6418",
    "bracket_low": 260,
    "bracket_high": 279
  },
  {
    "timestamp": 1774628849,
    "market_slug": "elon-musk-of-tweets-march-20-march-27-260-279",
    "event_slug": "elon-musk-of-tweets-march-20-march-27",
    "token_id": "25705881479633919715640326398803927094610014096642737912762385284816311843096",
    "outcome": "Yes",
    "side": "SELL",
    "price": 0.999,
    "size": 1.96,
    "transaction_hash": "0x30b59c2be5d5f6d79783ba3ad2615057a5b1cc4316f1b7b370e09f75a8610053",
    "condition_id": "0xa26a04f7c0bcd3f88a05c492cae75482612d6a8dd61df39595221c9ab6fa6418",
    "bracket_low": 260,
    "bracket_high": 279
  },
  {
    "timestamp": 1774628841,
    "market_slug": "elon-musk-of-tweets-march-20-march-27-280-299",
    "event_slug": "elon-musk-of-tweets-march-20-march-27",
    "token_id": "55139486228389827549892242233304360515297906721851715483594409981026909361512",
    "outcome": "No",
    "side": "SELL",
    "price": 0.999,
    "size": 22.91,
    "transaction_hash": "0x46d50f06aff94b12538dd612daa35eb8294543473b79e888c6e5ea49ee407898",
    "condition_id": "0xfac6f159e683460ee8afccc20e3858dd4f85765efde82850245b3cdc11742537",
    "bracket_low": 280,
    "bracket_high": 299
  },
  {
    "timestamp": 1774628833,
    "market_slug": "elon-musk-of-tweets-march-20-march-27-260-279",
    "event_slug": "elon-musk-of-tweets-march-20-march-27",
    "token_id": "25705881479633919715640326398803927094610014096642737912762385284816311843096",
    "outcome": "Yes",
    "side": "SELL",
    "price": 0.999,
    "size": 89.55,
    "transaction_hash": "0x3bb6936cf151a224f4e7b2ca485b2d59793121895e5214c58a00e3232d85ef9a",
    "condition_id": "0xa26a04f7c0bcd3f88a05c492cae75482612d6a8dd61df39595221c9ab6fa6418",
    "bracket_low": 260,
    "bracket_high": 279
  },
  {
    "timestamp": 1774628821,
    "market_slug": "elon-musk-of-tweets-march-20-march-27-320-339",
    "event_slug": "elon-musk-of-tweets-march-20-march-27",
    "token_id": "4469996900504654832885931066942126531677092381016415725837971174294718487558",
    "outcome": "No",
    "side": "SELL",
    "price": 0.999,
    "size": 532.39,
    "transaction_hash": "0x372cd5477429901a01255bb752a5ac2ac2153b9f785dc522f547242f0aca129b",
    "condition_id": "0xa023505b1291b4003bd5a019d4e0b1b8bd4bf356a404157be7a8e68c749bfec3",
    "bracket_low": 320,
    "bracket_high": 339
  },
  {
    "timestamp": 1774628809,
    "market_slug": "elon-musk-of-tweets-march-20-march-27-300-319",
    "event_slug": "elon-musk-of-tweets-march-20-march-27",
    "token_id": "73458450470350901923533884368003395408105568548590497983262075096778832401008",
    "outcome": "No",
    "side": "SELL",
    "price": 0.999,
    "size": 19.37,
    "transaction_hash": "0xf0f748030c8540fe5a4b8aca3413be19f417f2f1a627e8838e3d621c9d482c49",
    "condition_id": "0x14d78b430aa17e8b4c74b2b513e8cdc7ddc1f7c21889ba147cca726956ebc11f",
    "bracket_low": 300,
    "bracket_high": 319
  },
  {
    "timestamp": 1774628779,
    "market_slug": "elon-musk-of-tweets-march-20-march-27-280-299",
    "event_slug": "elon-musk-of-tweets-march-20-march-27",
    "token_id": "55139486228389827549892242233304360515297906721851715483594409981026909361512",
    "outcome": "No",
    "side": "SELL",
    "price": 0.999,
    "size": 10.41,
    "transaction_hash": "0x6bde724f1b561b80d52ef68af007bfb749c59d78a051dc6fcca491267fa8284e",
    "condition_id": "0xfac6f159e683460ee8afccc20e3858dd4f85765efde82850245b3cdc11742537",
    "bracket_low": 280,
    "bracket_high": 299
  },
  {
    "timestamp": 1774628709,
    "market_slug": "elon-musk-of-tweets-march-20-march-27-260-279",
    "event_slug": "elon-musk-of-tweets-march-20-march-27",
    "token_id": "25705881479633919715640326398803927094610014096642737912762385284816311843096",
    "outcome": "Yes",
    "side": "SELL",
    "price": 0.999,
    "size": 250,
    "transaction_hash": "0xfe1218a31b94ae6b29b340807aa6913eb93010d4fb45a9c915c518305541a92f",
    "condition_id": "0xa26a04f7c0bcd3f88a05c492cae75482612d6a8dd61df39595221c9ab6fa6418",
    "bracket_low": 260,
    "bracket_high": 279
  },
  {
    "timestamp": 1774628675,
    "market_slug": "elon-musk-of-tweets-march-20-march-27-260-279",
    "event_slug": "elon-musk-of-tweets-march-20-march-27",
    "token_id": "25705881479633919715640326398803927094610014096642737912762385284816311843096",
    "outcome": "Yes",
    "side": "SELL",
    "price": 0.999,
    "size": 2.68,
    "transaction_hash": "0xcfaf9ae1d3a6d3e6fa134ba881e21e2e97506c6642a51772c020496518df850b",
    "condition_id": "0xa26a04f7c0bcd3f88a05c492cae75482612d6a8dd61df39595221c9ab6fa6418",
    "bracket_low": 260,
    "bracket_high": 279
  },
  {
    "timestamp": 1774628663,
    "market_slug": "elon-musk-of-tweets-march-20-march-27-260-279",
    "event_slug": "elon-musk-of-tweets-march-20-march-27",
    "token_id": "25705881479633919715640326398803927094610014096642737912762385284816311843096",
    "outcome": "Yes",
    "side": "SELL",
    "price": 0.999,
    "size": 12.77,
    "transaction_hash": "0x9b0e13bd82162ce59cf6f6458bfe443e2bb5dc13678062be95c55fa61b61015e",
    "condition_id": "0xa26a04f7c0bcd3f88a05c492cae75482612d6a8dd61df39595221c9ab6fa6418",
    "bracket_low": 260,
    "bracket_high": 279
  },
  {
    "timestamp": 1774628659,
    "market_slug": "elon-musk-of-tweets-march-20-march-27-260-279",
    "event_slug": "elon-musk-of-tweets-march-20-march-27",
    "token_id": "25705881479633919715640326398803927094610014096642737912762385284816311843096",
    "outcome": "Yes",
    "side": "SELL",
    "price": 0.999,
    "size": 23.59,
    "transaction_hash": "0xde3a30b78c02d8c78bc7dbc9c2ddd87a2cf309d515f61725f89f541717102600",
    "condition_id": "0xa26a04f7c0bcd3f88a05c492cae75482612d6a8dd61df39595221c9ab6fa6418",
    "bracket_low": 260,
    "bracket_high": 279
  },
  {
    "timestamp": 1774628639,
    "market_slug": "elon-musk-of-tweets-march-20-march-27-280-299",
    "event_slug": "elon-musk-of-tweets-march-20-march-27",
    "token_id": "55139486228389827549892242233304360515297906721851715483594409981026909361512",
    "outcome": "No",
    "side": "SELL",
    "price": 0.999,
    "size": 2.7,
    "transaction_hash": "0x12f91ba088ae8bf0fae1394f220eefc6759cb873976bef390684831ab53b86cb",
    "condition_id": "0xfac6f159e683460ee8afccc20e3858dd4f85765efde82850245b3cdc11742537",
    "bracket_low": 280,
    "bracket_high": 299
  },
  {
    "timestamp": 1774628635,
    "market_slug": "elon-musk-of-tweets-march-20-march-27-260-279",
    "event_slug": "elon-musk-of-tweets-march-20-march-27",
    "token_id": "25705881479633919715640326398803927094610014096642737912762385284816311843096",
    "outcome": "Yes",
    "side": "SELL",
    "price": 0.999,
    "size": 16.41,
    "transaction_hash": "0x0c2a296899075ae28326473c3aa85710e0efaf9abe6f9a69565466754238cd39",
    "condition_id": "0xa26a04f7c0bcd3f88a05c492cae75482612d6a8dd61df39595221c9ab6fa6418",
    "bracket_low": 260,
    "bracket_high": 279
  },
  {
    "timestamp": 1774628621,
    "market_slug": "elon-musk-of-tweets-march-20-march-27-260-279",
    "event_slug": "elon-musk-of-tweets-march-20-march-27",
    "token_id": "25705881479633919715640326398803927094610014096642737912762385284816311843096",
    "outcome": "Yes",
    "side": "SELL",
    "price": 0.999,
    "size": 2.97,
    "transaction_hash": "0xef3b91d39c25e89cdd554d28147ad26ba5424fcb0a3cc437eddc1619c80441cf",
    "condition_id": "0xa26a04f7c0bcd3f88a05c492cae75482612d6a8dd61df39595221c9ab6fa6418",
    "bracket_low": 260,
    "bracket_high": 279
  },
  {
    "timestamp": 1774628591,
    "market_slug": "elon-musk-of-tweets-march-20-march-27-260-279",
    "event_slug": "elon-musk-of-tweets-march-20-march-27",
    "token_id": "25705881479633919715640326398803927094610014096642737912762385284816311843096",
    "outcome": "Yes",
    "side": "SELL",
    "price": 0.999,
    "size": 88,
    "transaction_hash": "0x4d7b57e691e4c36b90f2ff802a190bf032aa84035e38519d3b794863b1b3987f",
    "condition_id": "0xa26a04f7c0bcd3f88a05c492cae75482612d6a8dd61df39595221c9ab6fa6418",
    "bracket_low": 260,
    "bracket_high": 279
  },
  {
    "timestamp": 1774628573,
    "market_slug": "elon-musk-of-tweets-march-20-march-27-260-279",
    "event_slug": "elon-musk-of-tweets-march-20-march-27",
    "token_id": "25705881479633919715640326398803927094610014096642737912762385284816311843096",
    "outcome": "Yes",
    "side": "SELL",
    "price": 0.999,
    "size": 7.95,
    "transaction_hash": "0x422ca7487df8f74851eb519d2ba85f3310871d4fa0a2b4f3b132f0be07e565db",
    "condition_id": "0xa26a04f7c0bcd3f88a05c492cae75482612d6a8dd61df39595221c9ab6fa6418",
    "bracket_low": 260,
    "bracket_high": 279
  },
  {
    "timestamp": 1774628547,
    "market_slug": "elon-musk-of-tweets-march-20-march-27-260-279",
    "event_slug": "elon-musk-of-tweets-march-20-march-27",
    "token_id": "25705881479633919715640326398803927094610014096642737912762385284816311843096",
    "outcome": "Yes",
    "side": "SELL",
    "price": 0.999,
    "size": 30.4,
    "transaction_hash": "0xc3df115eb9caad5fb94c455d146e0a7bcb9b194ffbb4cc1722d3913c581ce7b9",
    "condition_id": "0xa26a04f7c0bcd3f88a05c492cae75482612d6a8dd61df39595221c9ab6fa6418",
    "bracket_low": 260,
    "bracket_high": 279
  },
  {
    "timestamp": 1774628543,
    "market_slug": "elon-musk-of-tweets-march-20-march-27-260-279",
    "event_slug": "elon-musk-of-tweets-march-20-march-27",
    "token_id": "25705881479633919715640326398803927094610014096642737912762385284816311843096",
    "outcome": "Yes",
    "side": "SELL",
    "price": 0.999,
    "size": 7.3,
    "transaction_hash": "0x4a09c49957a2386507f668e0adc9522af4e321de7d0492116871f2e72b32bb21",
    "condition_id": "0xa26a04f7c0bcd3f88a05c492cae75482612d6a8dd61df39595221c9ab6fa6418",
    "bracket_low": 260,
    "bracket_high": 279
  },
  {
    "timestamp": 1774628537,
    "market_slug": "elon-musk-of-tweets-march-20-march-27-420-439",
    "event_slug": "elon-musk-of-tweets-march-20-march-27",
    "token_id": "81306669126781843382893865143910757599743681462695138609235863803782356988184",
    "outcome": "No",
    "side": "SELL",
    "price": 0.999,
    "size": 1,
    "transaction_hash": "0x4dbe4f8e647ef4577297af5dba4d5012e9cb6e6f5f9d1a500e375cf24597effd",
    "condition_id": "0x83125581f825bbedeca66a92070a5deac26d987821111bf28ecdf6d7b69648c5",
    "bracket_low": 420,
    "bracket_high": 439
  },
  {
    "timestamp": 1774628533,
    "market_slug": "elon-musk-of-tweets-march-20-march-27-260-279",
    "event_slug": "elon-musk-of-tweets-march-20-march-27",
    "token_id": "25705881479633919715640326398803927094610014096642737912762385284816311843096",
    "outcome": "Yes",
    "side": "SELL",
    "price": 0.999,
    "size": 5,
    "transaction_hash": "0xdcb84fa0d5a166836f7265e02dcb8c84749be9945c31c9d3eeb771cd9332e40f",
    "condition_id": "0xa26a04f7c0bcd3f88a05c492cae75482612d6a8dd61df39595221c9ab6fa6418",
    "bracket_low": 260,
    "bracket_high": 279
  },
  {
    "timestamp": 1774628469,
    "market_slug": "elon-musk-of-tweets-march-20-march-27-260-279",
    "event_slug": "elon-musk-of-tweets-march-20-march-27",
    "token_id": "25705881479633919715640326398803927094610014096642737912762385284816311843096",
    "outcome": "Yes",
    "side": "SELL",
    "price": 0.999,
    "size": 18.69,
    "transaction_hash": "0xf37f12487254380913eeffadeb470392924bfab4028d4499ad85540f6d2a912c",
    "condition_id": "0xa26a04f7c0bcd3f88a05c492cae75482612d6a8dd61df39595221c9ab6fa6418",
    "bracket_low": 260,
    "bracket_high": 279
  },
  {
    "timestamp": 1774628427,
    "market_slug": "elon-musk-of-tweets-march-20-march-27-260-279",
    "event_slug": "elon-musk-of-tweets-march-20-march-27",
    "token_id": "25705881479633919715640326398803927094610014096642737912762385284816311843096",
    "outcome": "Yes",
    "side": "SELL",
    "price": 0.999,
    "size": 29.59,
    "transaction_hash": "0xc12aa69ba4689cd67a141e62c0611b5981124ca89295727f2c811cd695ac2e1a",
    "condition_id": "0xa26a04f7c0bcd3f88a05c492cae75482612d6a8dd61df39595221c9ab6fa6418",
    "bracket_low": 260,
    "bracket_high": 279
  },
  {
    "timestamp": 1774628423,
    "market_slug": "elon-musk-of-tweets-march-20-march-27-260-279",
    "event_slug": "elon-musk-of-tweets-march-20-march-27",
    "token_id": "25705881479633919715640326398803927094610014096642737912762385284816311843096",
    "outcome": "Yes",
    "side": "SELL",
    "price": 0.999,
    "size": 294.08,
    "transaction_hash": "0x121d9646f6d84388cb56cf337c2b26bae1036866a2919d63386441c1e887876e",
    "condition_id": "0xa26a04f7c0bcd3f88a05c492cae75482612d6a8dd61df39595221c9ab6fa6418",
    "bracket_low": 260,
    "bracket_high": 279
  },
  {
    "timestamp": 1774628379,
    "market_slug": "elon-musk-of-tweets-march-20-march-27-260-279",
    "event_slug": "elon-musk-of-tweets-march-20-march-27",
    "token_id": "25705881479633919715640326398803927094610014096642737912762385284816311843096",
    "outcome": "Yes",
    "side": "SELL",
    "price": 0.999,
    "size": 15.19,
    "transaction_hash": "0x8fd2e648c4bb4de8937f3d18f24f8afcf864698017ae6c82ebb88833eacfe8d8",
    "condition_id": "0xa26a04f7c0bcd3f88a05c492cae75482612d6a8dd61df39595221c9ab6fa6418",
    "bracket_low": 260,
    "bracket_high": 279
  },
  {
    "timestamp": 1774628367,
    "market_slug": "elon-musk-of-tweets-march-20-march-27-260-279",
    "event_slug": "elon-musk-of-tweets-march-20-march-27",
    "token_id": "25705881479633919715640326398803927094610014096642737912762385284816311843096",
    "outcome": "Yes",
    "side": "SELL",
    "price": 0.999,
    "size": 72,
    "transaction_hash": "0xedf723ebf45dca0d93b3fc92ef1a2600c5f891d72b6ecb63f8aa8d1bdf0bf9b8",
    "condition_id": "0xa26a04f7c0bcd3f88a05c492cae75482612d6a8dd61df39595221c9ab6fa6418",
    "bracket_low": 260,
    "bracket_high": 279
  },
  {
    "timestamp": 1774628295,
    "market_slug": "elon-musk-of-tweets-march-20-march-27-300-319",
    "event_slug": "elon-musk-of-tweets-march-20-march-27",
    "token_id": "73458450470350901923533884368003395408105568548590497983262075096778832401008",
    "outcome": "No",
    "side": "SELL",
    "price": 0.999,
    "size": 3,
    "transaction_hash": "0x84df4dea640e1640b8e38a6dc684d5ae5f35efe596fe493eb46d08cd5de1eb80",
    "condition_id": "0x14d78b430aa17e8b4c74b2b513e8cdc7ddc1f7c21889ba147cca726956ebc11f",
    "bracket_low": 300,
    "bracket_high": 319
  },
  {
    "timestamp": 1774628227,
    "market_slug": "elon-musk-of-tweets-march-20-march-27-260-279",
    "event_slug": "elon-musk-of-tweets-march-20-march-27",
    "token_id": "25705881479633919715640326398803927094610014096642737912762385284816311843096",
    "outcome": "Yes",
    "side": "SELL",
    "price": 0.999,
    "size": 43.42,
    "transaction_hash": "0x779da8814db1020ae80142ada507165fc3ceafaf7087bcc2e6b3f2c27da7911f",
    "condition_id": "0xa26a04f7c0bcd3f88a05c492cae75482612d6a8dd61df39595221c9ab6fa6418",
    "bracket_low": 260,
    "bracket_high": 279
  },
  {
    "timestamp": 1774628217,
    "market_slug": "elon-musk-of-tweets-march-20-march-27-260-279",
    "event_slug": "elon-musk-of-tweets-march-20-march-27",
    "token_id": "25705881479633919715640326398803927094610014096642737912762385284816311843096",
    "outcome": "Yes",
    "side": "SELL",
    "price": 0.999,
    "size": 31,
    "transaction_hash": "0x42d14bc59138fc62768a02499abeb660872e0c2664627334558735ac9a6911ab",
    "condition_id": "0xa26a04f7c0bcd3f88a05c492cae75482612d6a8dd61df39595221c9ab6fa6418",
    "bracket_low": 260,
    "bracket_high": 279
  },
  {
    "timestamp": 1774628205,
    "market_slug": "elon-musk-of-tweets-march-20-march-27-260-279",
    "event_slug": "elon-musk-of-tweets-march-20-march-27",
    "token_id": "25705881479633919715640326398803927094610014096642737912762385284816311843096",
    "outcome": "Yes",
    "side": "SELL",
    "price": 0.999,
    "size": 1000,
    "transaction_hash": "0x6cd88d54966700947dc91caad85390c74449b973632a2072ae610c10c1381dc0",
    "condition_id": "0xa26a04f7c0bcd3f88a05c492cae75482612d6a8dd61df39595221c9ab6fa6418",
    "bracket_low": 260,
    "bracket_high": 279
  },
  {
    "timestamp": 1774628143,
    "market_slug": "elon-musk-of-tweets-march-20-march-27-260-279",
    "event_slug": "elon-musk-of-tweets-march-20-march-27",
    "token_id": "25705881479633919715640326398803927094610014096642737912762385284816311843096",
    "outcome": "Yes",
    "side": "SELL",
    "price": 0.999,
    "size": 298.77,
    "transaction_hash": "0x56b6fafb0ccba9830b03763e1064083e9aac7b8332925bd414919578e6e38a28",
    "condition_id": "0xa26a04f7c0bcd3f88a05c492cae75482612d6a8dd61df39595221c9ab6fa6418",
    "bracket_low": 260,
    "bracket_high": 279
  },
  {
    "timestamp": 1774628125,
    "market_slug": "elon-musk-of-tweets-march-20-march-27-260-279",
    "event_slug": "elon-musk-of-tweets-march-20-march-27",
    "token_id": "25705881479633919715640326398803927094610014096642737912762385284816311843096",
    "outcome": "Yes",
    "side": "SELL",
    "price": 0.999,
    "size": 13.66,
    "transaction_hash": "0xb6894e75dc8cae18c602d8fbdbdd262ab026ec1807b5974056986cfaa444214a",
    "condition_id": "0xa26a04f7c0bcd3f88a05c492cae75482612d6a8dd61df39595221c9ab6fa6418",
    "bracket_low": 260,
    "bracket_high": 279
  },
  {
    "timestamp": 1774628117,
    "market_slug": "elon-musk-of-tweets-march-20-march-27-260-279",
    "event_slug": "elon-musk-of-tweets-march-20-march-27",
    "token_id": "25705881479633919715640326398803927094610014096642737912762385284816311843096",
    "outcome": "Yes",
    "side": "SELL",
    "price": 0.999,
    "size": 12.6,
    "transaction_hash": "0xef606898c992418b34c096b1cd5f51644016bce13f34d0f2d720d11534163010",
    "condition_id": "0xa26a04f7c0bcd3f88a05c492cae75482612d6a8dd61df39595221c9ab6fa6418",
    "bracket_low": 260,
    "bracket_high": 279
  },
  {
    "timestamp": 1774628099,
    "market_slug": "elon-musk-of-tweets-march-20-march-27-260-279",
    "event_slug": "elon-musk-of-tweets-march-20-march-27",
    "token_id": "25705881479633919715640326398803927094610014096642737912762385284816311843096",
    "outcome": "Yes",
    "side": "SELL",
    "price": 0.999,
    "size": 1.72,
    "transaction_hash": "0x79b4dcaea7a2d1a954dea8035316ec8068de2249722cf049977135587c5a942f",
    "condition_id": "0xa26a04f7c0bcd3f88a05c492cae75482612d6a8dd61df39595221c9ab6fa6418",
    "bracket_low": 260,
    "bracket_high": 279
  },
  {
    "timestamp": 1774628093,
    "market_slug": "elon-musk-of-tweets-march-20-march-27-260-279",
    "event_slug": "elon-musk-of-tweets-march-20-march-27",
    "token_id": "25705881479633919715640326398803927094610014096642737912762385284816311843096",
    "outcome": "Yes",
    "side": "SELL",
    "price": 0.999,
    "size": 3.58,
    "transaction_hash": "0x308d9d5d9a49b374c5a650638811f37510f5d170989e3bb28c1b36ef26135d30",
    "condition_id": "0xa26a04f7c0bcd3f88a05c492cae75482612d6a8dd61df39595221c9ab6fa6418",
    "bracket_low": 260,
    "bracket_high": 279
  },
  {
    "timestamp": 1774628091,
    "market_slug": "elon-musk-of-tweets-march-20-march-27-260-279",
    "event_slug": "elon-musk-of-tweets-march-20-march-27",
    "token_id": "25705881479633919715640326398803927094610014096642737912762385284816311843096",
    "outcome": "Yes",
    "side": "SELL",
    "price": 0.999,
    "size": 4.01,
    "transaction_hash": "0x166742ba0579e415f0624479cbb03a58d017fb6e86e4bccd03201ebecdd610b0",
    "condition_id": "0xa26a04f7c0bcd3f88a05c492cae75482612d6a8dd61df39595221c9ab6fa6418",
    "bracket_low": 260,
    "bracket_high": 279
  },
  {
    "timestamp": 1774628091,
    "market_slug": "elon-musk-of-tweets-march-20-march-27-280-299",
    "event_slug": "elon-musk-of-tweets-march-20-march-27",
    "token_id": "55139486228389827549892242233304360515297906721851715483594409981026909361512",
    "outcome": "No",
    "side": "SELL",
    "price": 0.999,
    "size": 3.23,
    "transaction_hash": "0x7c443bcb1a3ca47f9d247396cca3a8d8f61f7cc5deb4ffb61d430aef866d8742",
    "condition_id": "0xfac6f159e683460ee8afccc20e3858dd4f85765efde82850245b3cdc11742537",
    "bracket_low": 280,
    "bracket_high": 299
  },
  {
    "timestamp": 1774628087,
    "market_slug": "elon-musk-of-tweets-march-20-march-27-280-299",
    "event_slug": "elon-musk-of-tweets-march-20-march-27",
    "token_id": "55139486228389827549892242233304360515297906721851715483594409981026909361512",
    "outcome": "No",
    "side": "SELL",
    "price": 0.999,
    "size": 2,
    "transaction_hash": "0x9de84ae46d7923d58d5788738a7eb8c42da4dcbdbe1af3e0094578dcad01e2d3",
    "condition_id": "0xfac6f159e683460ee8afccc20e3858dd4f85765efde82850245b3cdc11742537",
    "bracket_low": 280,
    "bracket_high": 299
  },
  {
    "timestamp": 1774628085,
    "market_slug": "elon-musk-of-tweets-march-20-march-27-260-279",
    "event_slug": "elon-musk-of-tweets-march-20-march-27",
    "token_id": "25705881479633919715640326398803927094610014096642737912762385284816311843096",
    "outcome": "Yes",
    "side": "SELL",
    "price": 0.999,
    "size": 6,
    "transaction_hash": "0x7d3e264402fc31e126b8c3e051039c941cf116d0f0e0ccf43e0aaa4a14b47a2b",
    "condition_id": "0xa26a04f7c0bcd3f88a05c492cae75482612d6a8dd61df39595221c9ab6fa6418",
    "bracket_low": 260,
    "bracket_high": 279
  },
  {
    "timestamp": 1774628075,
    "market_slug": "elon-musk-of-tweets-march-20-march-27-260-279",
    "event_slug": "elon-musk-of-tweets-march-20-march-27",
    "token_id": "25705881479633919715640326398803927094610014096642737912762385284816311843096",
    "outcome": "Yes",
    "side": "SELL",
    "price": 0.999,
    "size": 86.15,
    "transaction_hash": "0x003377abba192eeec981444acc244175064f117d0594063c8393ef6878053403",
    "condition_id": "0xa26a04f7c0bcd3f88a05c492cae75482612d6a8dd61df39595221c9ab6fa6418",
    "bracket_low": 260,
    "bracket_high": 279
  },
  {
    "timestamp": 1774628073,
    "market_slug": "elon-musk-of-tweets-march-20-march-27-260-279",
    "event_slug": "elon-musk-of-tweets-march-20-march-27",
    "token_id": "25705881479633919715640326398803927094610014096642737912762385284816311843096",
    "outcome": "Yes",
    "side": "SELL",
    "price": 0.999,
    "size": 56.47,
    "transaction_hash": "0xbcb20ab92e6e6d2d6b50f00b1a99da18b85cd16af9d164c64c7e49bcc33b76d5",
    "condition_id": "0xa26a04f7c0bcd3f88a05c492cae75482612d6a8dd61df39595221c9ab6fa6418",
    "bracket_low": 260,
    "bracket_high": 279
  },
  {
    "timestamp": 1774628065,
    "market_slug": "elon-musk-of-tweets-march-20-march-27-260-279",
    "event_slug": "elon-musk-of-tweets-march-20-march-27",
    "token_id": "25705881479633919715640326398803927094610014096642737912762385284816311843096",
    "outcome": "Yes",
    "side": "SELL",
    "price": 0.999,
    "size": 1000.09,
    "transaction_hash": "0x778a62eebced9673fa95368a3a762ba22bb584138bab1110927407798ea44c2e",
    "condition_id": "0xa26a04f7c0bcd3f88a05c492cae75482612d6a8dd61df39595221c9ab6fa6418",
    "bracket_low": 260,
    "bracket_high": 279
  },
  {
    "timestamp": 1774628045,
    "market_slug": "elon-musk-of-tweets-march-20-march-27-280-299",
    "event_slug": "elon-musk-of-tweets-march-20-march-27",
    "token_id": "55139486228389827549892242233304360515297906721851715483594409981026909361512",
    "outcome": "No",
    "side": "SELL",
    "price": 0.999,
    "size": 7.57,
    "transaction_hash": "0x7b6b3544146257645f12b6a93d56ed7faa373926dcd7237bb639a9df31ccaf60",
    "condition_id": "0xfac6f159e683460ee8afccc20e3858dd4f85765efde82850245b3cdc11742537",
    "bracket_low": 280,
    "bracket_high": 299
  },
  {
    "timestamp": 1774628039,
    "market_slug": "elon-musk-of-tweets-march-20-march-27-260-279",
    "event_slug": "elon-musk-of-tweets-march-20-march-27",
    "token_id": "25705881479633919715640326398803927094610014096642737912762385284816311843096",
    "outcome": "Yes",
    "side": "SELL",
    "price": 0.999,
    "size": 270,
    "transaction_hash": "0x218dcc9f00ebada6f83e777bbaba59acd41057d4438ca5973f46d7d991278923",
    "condition_id": "0xa26a04f7c0bcd3f88a05c492cae75482612d6a8dd61df39595221c9ab6fa6418",
    "bracket_low": 260,
    "bracket_high": 279
  },
  {
    "timestamp": 1774628033,
    "market_slug": "elon-musk-of-tweets-march-20-march-27-260-279",
    "event_slug": "elon-musk-of-tweets-march-20-march-27",
    "token_id": "25705881479633919715640326398803927094610014096642737912762385284816311843096",
    "outcome": "Yes",
    "side": "SELL",
    "price": 0.999,
    "size": 8.66,
    "transaction_hash": "0x87fd3bfaf60073aafeed4db32b0fd0aff653df72b164bbf488d00a5e4add1684",
    "condition_id": "0xa26a04f7c0bcd3f88a05c492cae75482612d6a8dd61df39595221c9ab6fa6418",
    "bracket_low": 260,
    "bracket_high": 279
  },
  {
    "timestamp": 1774628025,
    "market_slug": "elon-musk-of-tweets-march-20-march-27-260-279",
    "event_slug": "elon-musk-of-tweets-march-20-march-27",
    "token_id": "25705881479633919715640326398803927094610014096642737912762385284816311843096",
    "outcome": "Yes",
    "side": "SELL",
    "price": 0.999,
    "size": 922.22,
    "transaction_hash": "0xf2813cd0d1016aa6e204cf01fea5dad277ac8bef4caff1f4a0bb2daec3233181",
    "condition_id": "0xa26a04f7c0bcd3f88a05c492cae75482612d6a8dd61df39595221c9ab6fa6418",
    "bracket_low": 260,
    "bracket_high": 279
  },
  {
    "timestamp": 1774627931,
    "market_slug": "elon-musk-of-tweets-march-20-march-27-280-299",
    "event_slug": "elon-musk-of-tweets-march-20-march-27",
    "token_id": "55139486228389827549892242233304360515297906721851715483594409981026909361512",
    "outcome": "No",
    "side": "SELL",
    "price": 0.999,
    "size": 1.36,
    "transaction_hash": "0x74b2d1cdfc649da68017db367ee4a00ab27837f10dd1af6f01e52078a0143c51",
    "condition_id": "0xfac6f159e683460ee8afccc20e3858dd4f85765efde82850245b3cdc11742537",
    "bracket_low": 280,
    "bracket_high": 299
  },
  {
    "timestamp": 1774627899,
    "market_slug": "elon-musk-of-tweets-march-20-march-27-260-279",
    "event_slug": "elon-musk-of-tweets-march-20-march-27",
    "token_id": "25705881479633919715640326398803927094610014096642737912762385284816311843096",
    "outcome": "Yes",
    "side": "SELL",
    "price": 0.999,
    "size": 3.09,
    "transaction_hash": "0x3e162b557feb62105d825a66173f7bc8fa46f44eb93e53fb818f426395ece3ee",
    "condition_id": "0xa26a04f7c0bcd3f88a05c492cae75482612d6a8dd61df39595221c9ab6fa6418",
    "bracket_low": 260,
    "bracket_high": 279
  },
  {
    "timestamp": 1774627869,
    "market_slug": "elon-musk-of-tweets-march-20-march-27-280-299",
    "event_slug": "elon-musk-of-tweets-march-20-march-27",
    "token_id": "55139486228389827549892242233304360515297906721851715483594409981026909361512",
    "outcome": "No",
    "side": "SELL",
    "price": 0.999,
    "size": 20,
    "transaction_hash": "0x7953af88945e2ddc01d94a0eafb1e04a47d8c1fc42945cb105f81a58aba1c37e",
    "condition_id": "0xfac6f159e683460ee8afccc20e3858dd4f85765efde82850245b3cdc11742537",
    "bracket_low": 280,
    "bracket_high": 299
  },
  {
    "timestamp": 1774627849,
    "market_slug": "elon-musk-of-tweets-march-20-march-27-260-279",
