[
  {
    "timestamp": 1771966604,
    "market_slug": "elon-musk-of-tweets-february-17-february-24-340-359",
    "event_slug": "elon-musk-of-tweets-february-17-february-24",
    "token_id": "65069870518600475601396549635229976779808816947881001563866140459976627124388",
    "outcome": "No",
    "side": "SELL",
    "price": 0.999,
    "size": 124.2,
    "transaction_hash": "0x62a9da5d1cb17b769392d59796a5d940edaa28312b91b2547ee0f30c76419668",
    "condition_id": "0x96aba876fd78029e7dc00382d77cd0092b6c415ea0a8a1ca7cff5919eac0551b",
    "bracket_low": 340,
    "bracket_high": 359
  },
  {
    "timestamp": 1771966058,
    "market_slug": "elon-musk-of-tweets-february-17-february-24-340-359",
    "event_slug": "elon-musk-of-tweets-february-17-february-24",
    "token_id": "103576015245621948777856624052548463486113171579256533183558456169676586831642",
    "outcome": "Yes",
    "side": "BUY",
    "price": 0.001,
    "size": 1000,
    "transaction_hash": "0x88b103b911cddffa90dcca5c53744cc6fd30de024dd683e69a51a179ef276c7d",
    "condition_id": "0x96aba876fd78029e7dc00382d77cd0092b6c415ea0a8a1ca7cff5919eac0551b",
    "bracket_low": 340,
    "bracket_high": 359
  },
  {
    "timestamp": 1771965692,
    "market_slug": "elon-musk-of-tweets-february-17-february-24-340-359",
    "event_slug": "elon-musk-of-tweets-february-17-february-24",
    "token_id": "65069870518600475601396549635229976779808816947881001563866140459976627124388",
    "outcome": "No",
    "side": "SELL",
    "price": 0.999,
    "size": 1,
    "transaction_hash": "0x2735e98688e9374840bac98e8c72780f1dd81f6705fc2a0624a9c74421a67390",
    "condition_id": "0x96aba876fd78029e7dc00382d77cd0092b6c415ea0a8a1ca7cff5919eac0551b",
    "bracket_low": 340,
    "bracket_high": 359
  },
  {
    "timestamp": 1771965162,
    "market_slug": "elon-musk-of-tweets-february-17-february-24-380-399",
    "event_slug": "elon-musk-of-tweets-february-17-february-24",
    "token_id": "106214838748464318306908845186924711364109977221733477294681400956129457480380",
    "outcome": "No",
    "side": "SELL",
    "price": 0.999,
    "size": 190.8,
    "transaction_hash": "0x77668a6d0d83ee17a112b6ffdf7f417ac0a27060aae6db93f65fd373551c9f21",
    "condition_id": "0xb99884b3f3cc333e3951aa35c4969cf5f5ac0a550a84bf07f6389d66010e30b2",
    "bracket_low": 380,
    "bracket_high": 399
  },
  {
    "timestamp": 1771965092,
    "market_slug": "elon-musk-of-tweets-february-17-february-24-340-359",
    "event_slug": "elon-musk-of-tweets-february-17-february-24",
    "token_id": "103576015245621948777856624052548463486113171579256533183558456169676586831642",
    "outcome": "Yes",
    "side": "BUY",
    "price": 0.001,
    "size": 1020,
    "transaction_hash": "0x87e40852df74803cfc6619f3c5adbff625d085df0b164b0668756ddd68440de0",
    "condition_id": "0x96aba876fd78029e7dc00382d77cd0092b6c415ea0a8a1ca7cff5919eac0551b",
    "bracket_low": 340,
    "bracket_high": 359
  },
  {
    "timestamp": 1771964578,
    "market_slug": "elon-musk-of-tweets-february-17-february-24-360-379",
    "event_slug": "elon-musk-of-tweets-february-17-february-24",
    "token_id": "11625569375658944758939960718524757223156171762969588988339287460913701524327",
    "outcome": "Yes",
    "side": "SELL",
    "price": 0.999,
    "size": 5,
    "transaction_hash": "0xbf84f7854ea90678620987925d1f57a50f7d0530f883f92a1aaf2d5b76953952",
    "condition_id": "0x01dd8795176ff3add669f0c5be2bbba86ef480fe25ce165ba1bda063d91304f3",
    "bracket_low": 360,
    "bracket_high": 379
  },
  {
    "timestamp": 1771964536,
    "market_slug": "elon-musk-of-tweets-february-17-february-24-360-379",
    "event_slug": "elon-musk-of-tweets-february-17-february-24",
    "token_id": "11625569375658944758939960718524757223156171762969588988339287460913701524327",
    "outcome": "Yes",
    "side": "SELL",
    "price": 0.999,
    "size": 11.55,
    "transaction_hash": "0x2685989cbce93dbad01d95950c9e4a7a96b38cc0639c0bb543341384647e592e",
    "condition_id": "0x01dd8795176ff3add669f0c5be2bbba86ef480fe25ce165ba1bda063d91304f3",
    "bracket_low": 360,
    "bracket_high": 379
  },
  {
    "timestamp": 1771964344,
    "market_slug": "elon-musk-of-tweets-february-17-february-24-340-359",
    "event_slug": "elon-musk-of-tweets-february-17-february-24",
    "token_id": "103576015245621948777856624052548463486113171579256533183558456169676586831642",
    "outcome": "Yes",
    "side": "BUY",
    "price": 0.001,
    "size": 1000,
    "transaction_hash": "0xa0348fc9cd0a6ed5cbb32e829a6a57087dee9320dd11f5f5331a010a8c821831",
    "condition_id": "0x96aba876fd78029e7dc00382d77cd0092b6c415ea0a8a1ca7cff5919eac0551b",
    "bracket_low": 340,
    "bracket_high": 359
  },
  {
    "timestamp": 1771964336,
    "market_slug": "elon-musk-of-tweets-february-17-february-24-360-379",
    "event_slug": "elon-musk-of-tweets-february-17-february-24",
    "token_id": "11625569375658944758939960718524757223156171762969588988339287460913701524327",
    "outcome": "Yes",
    "side": "SELL",
    "price": 0.999,
    "size": 44.72,
    "transaction_hash": "0x9823db529438d0ea27696c960cc169f02a2cf990892294adeaa2439efb632eb9",
    "condition_id": "0x01dd8795176ff3add669f0c5be2bbba86ef480fe25ce165ba1bda063d91304f3",
    "bracket_low": 360,
    "bracket_high": 379
  },
  {
    "timestamp": 1771963934,
    "market_slug": "elon-musk-of-tweets-february-17-february-24-360-379",
    "event_slug": "elon-musk-of-tweets-february-17-february-24",
    "token_id": "11625569375658944758939960718524757223156171762969588988339287460913701524327",
    "outcome": "Yes",
    "side": "SELL",
    "price": 0.999,
    "size": 40,
    "transaction_hash": "0xeb6988641915df54583a92b1496ffdc9b124705ef4a8d10527cdb1f79058c049",
    "condition_id": "0x01dd8795176ff3add669f0c5be2bbba86ef480fe25ce165ba1bda063d91304f3",
    "bracket_low": 360,
    "bracket_high": 379
  },
  {
    "timestamp": 1771963620,
    "market_slug": "elon-musk-of-tweets-february-17-february-24-360-379",
    "event_slug": "elon-musk-of-tweets-february-17-february-24",
    "token_id": "11625569375658944758939960718524757223156171762969588988339287460913701524327",
    "outcome": "Yes",
    "side": "SELL",
    "price": 0.999,
    "size": 14.28,
    "transaction_hash": "0xf3cd0505668e383b41970057489a6e9b2cbf598acf97681910cff4ef6c0d0d0f",
    "condition_id": "0x01dd8795176ff3add669f0c5be2bbba86ef480fe25ce165ba1bda063d91304f3",
    "bracket_low": 360,
    "bracket_high": 379
  },
  {
    "timestamp": 1771963618,
    "market_slug": "elon-musk-of-tweets-february-17-february-24-380-399",
    "event_slug": "elon-musk-of-tweets-february-17-february-24",
    "token_id": "106214838748464318306908845186924711364109977221733477294681400956129457480380",
    "outcome": "No",
    "side": "SELL",
    "price": 0.999,
    "size": 143.4,
    "transaction_hash": "0x00f15f1cb03849c9893471282c15945b6df237ae67bd7bcda6efc623122f822f",
    "condition_id": "0xb99884b3f3cc333e3951aa35c4969cf5f5ac0a550a84bf07f6389d66010e30b2",
    "bracket_low": 380,
    "bracket_high": 399
  },
  {
    "timestamp": 1771963586,
    "market_slug": "elon-musk-of-tweets-february-17-february-24-360-379",
    "event_slug": "elon-musk-of-tweets-february-17-february-24",
    "token_id": "186436695565261968640173870702866149344166545696364611020708424741316528776",
    "outcome": "No",
    "side": "BUY",
    "price": 0.001,
    "size": 1000,
    "transaction_hash": "0x7c00bf6d44b6b448eb9dcdb2d4eeff750c7c81ee697bd7e124cf509b7e6037c2",
    "condition_id": "0x01dd8795176ff3add669f0c5be2bbba86ef480fe25ce165ba1bda063d91304f3",
    "bracket_low": 360,
    "bracket_high": 379
  },
  {
    "timestamp": 1771963464,
    "market_slug": "elon-musk-of-tweets-february-17-february-24-360-379",
    "event_slug": "elon-musk-of-tweets-february-17-february-24",
    "token_id": "11625569375658944758939960718524757223156171762969588988339287460913701524327",
    "outcome": "Yes",
    "side": "SELL",
    "price": 0.999,
    "size": 550.14,
    "transaction_hash": "0x2d601411f6d0ed366bf7f753d7bccf1f72bb03e63101f8d5bc92572d3ef75157",
    "condition_id": "0x01dd8795176ff3add669f0c5be2bbba86ef480fe25ce165ba1bda063d91304f3",
    "bracket_low": 360,
    "bracket_high": 379
  },
  {
    "timestamp": 1771963456,
    "market_slug": "elon-musk-of-tweets-february-17-february-24-380-399",
    "event_slug": "elon-musk-of-tweets-february-17-february-24",
    "token_id": "106214838748464318306908845186924711364109977221733477294681400956129457480380",
    "outcome": "No",
    "side": "SELL",
    "price": 0.999,
    "size": 2113.58,
    "transaction_hash": "0xfd8ecf1332fd2e8a0dbbf76019b5432a87fccd0350a14960c008611c10a957d5",
    "condition_id": "0xb99884b3f3cc333e3951aa35c4969cf5f5ac0a550a84bf07f6389d66010e30b2",
    "bracket_low": 380,
    "bracket_high": 399
  },
  {
    "timestamp": 1771963350,
    "market_slug": "elon-musk-of-tweets-february-17-february-24-360-379",
    "event_slug": "elon-musk-of-tweets-february-17-february-24",
    "token_id": "11625569375658944758939960718524757223156171762969588988339287460913701524327",
    "outcome": "Yes",
    "side": "SELL",
    "price": 0.999,
    "size": 50,
    "transaction_hash": "0xeb300dfb285d6e9d69cf6975b3828e8fc0205fd5b3e277444990207fa50c7d7a",
    "condition_id": "0x01dd8795176ff3add669f0c5be2bbba86ef480fe25ce165ba1bda063d91304f3",
    "bracket_low": 360,
    "bracket_high": 379
  },
  {
    "timestamp": 1771963228,
    "market_slug": "elon-musk-of-tweets-february-17-february-24-380-399",
    "event_slug": "elon-musk-of-tweets-february-17-february-24",
    "token_id": "20514581474220126032370418192542678522643426669916383209841813873174312670562",
    "outcome": "Yes",
    "side": "BUY",
    "price": 0.001,
    "size": 1000,
    "transaction_hash": "0x6d5bd84a56c6c8567c957946a44c40b9de8e9f7fa003b92c61304690a6cffc45",
    "condition_id": "0xb99884b3f3cc333e3951aa35c4969cf5f5ac0a550a84bf07f6389d66010e30b2",
    "bracket_low": 380,
    "bracket_high": 399
  },
  {
    "timestamp": 1771963168,
    "market_slug": "elon-musk-of-tweets-february-17-february-24-360-379",
    "event_slug": "elon-musk-of-tweets-february-17-february-24",
    "token_id": "11625569375658944758939960718524757223156171762969588988339287460913701524327",
    "outcome": "Yes",
    "side": "SELL",
    "price": 0.999,
    "size": 5.64,
    "transaction_hash": "0x2dcc3cdd1072efcb127161862be552c1511b52fb2a8986200cd0e52002a69d97",
    "condition_id": "0x01dd8795176ff3add669f0c5be2bbba86ef480fe25ce165ba1bda063d91304f3",
    "bracket_low": 360,
    "bracket_high": 379
  },
  {
    "timestamp": 1771962830,
    "market_slug": "elon-musk-of-tweets-february-17-february-24-360-379",
    "event_slug": "elon-musk-of-tweets-february-17-february-24",
    "token_id": "11625569375658944758939960718524757223156171762969588988339287460913701524327",
    "outcome": "Yes",
    "side": "SELL",
    "price": 0.999,
    "size": 121.67,
    "transaction_hash": "0x7bfb0f105c57da6f85029ee8a3605455de4196658bb0a8b714bf54564128957b",
    "condition_id": "0x01dd8795176ff3add669f0c5be2bbba86ef480fe25ce165ba1bda063d91304f3",
    "bracket_low": 360,
    "bracket_high": 379
  },
  {
    "timestamp": 1771962756,
    "market_slug": "elon-musk-of-tweets-february-17-february-24-380-399",
    "event_slug": "elon-musk-of-tweets-february-17-february-24",
    "token_id": "106214838748464318306908845186924711364109977221733477294681400956129457480380",
    "outcome": "No",
    "side": "SELL",
    "price": 0.999,
    "size": 118.73,
    "transaction_hash": "0x99df670e89233862b49de79791b1d8386618a540844112d6e3b4abb80c5a95b1",
    "condition_id": "0xb99884b3f3cc333e3951aa35c4969cf5f5ac0a550a84bf07f6389d66010e30b2",
    "bracket_low": 380,
    "bracket_high": 399
  },
  {
    "timestamp": 1771962658,
    "market_slug": "elon-musk-of-tweets-february-17-february-24-380-399",
    "event_slug": "elon-musk-of-tweets-february-17-february-24",
    "token_id": "106214838748464318306908845186924711364109977221733477294681400956129457480380",
    "outcome": "No",
    "side": "SELL",
    "price": 0.999,
    "size": 118.73,
    "transaction_hash": "0xd62ae84042416de03cc36147c9ec3e66f47d3503bbaa77f4ba3cc00e5842a540",
    "condition_id": "0xb99884b3f3cc333e3951aa35c4969cf5f5ac0a550a84bf07f6389d66010e30b2",
    "bracket_low": 380,
    "bracket_high": 399
  },
  {
    "timestamp": 1771962654,
    "market_slug": "elon-musk-of-tweets-february-17-february-24-380-399",
    "event_slug": "elon-musk-of-tweets-february-17-february-24",
    "token_id": "106214838748464318306908845186924711364109977221733477294681400956129457480380",
    "outcome": "No",
    "side": "SELL",
    "price": 0.999,
    "size": 15000,
    "transaction_hash": "0xb4d746fa81b311f9c9a8c23b296ffac5d1648a7becdd612fd570a9f271971454",
    "condition_id": "0xb99884b3f3cc333e3951aa35c4969cf5f5ac0a550a84bf07f6389d66010e30b2",
    "bracket_low": 380,
    "bracket_high": 399
  },
  {
    "timestamp": 1771962628,
    "market_slug": "elon-musk-of-tweets-february-17-february-24-360-379",
    "event_slug": "elon-musk-of-tweets-february-17-february-24",
    "token_id": "11625569375658944758939960718524757223156171762969588988339287460913701524327",
    "outcome": "Yes",
    "side": "SELL",
    "price": 0.999,
    "size": 10,
    "transaction_hash": "0x475f5667534ba4b272f0b6cc91f6f4886abbb8e294439e941a365330df681e64",
    "condition_id": "0x01dd8795176ff3add669f0c5be2bbba86ef480fe25ce165ba1bda063d91304f3",
    "bracket_low": 360,
    "bracket_high": 379
  },
  {
    "timestamp": 1771962582,
    "market_slug": "elon-musk-of-tweets-february-17-february-24-380-399",
    "event_slug": "elon-musk-of-tweets-february-17-february-24",
    "token_id": "106214838748464318306908845186924711364109977221733477294681400956129457480380",
    "outcome": "No",
    "side": "SELL",
    "price": 0.999,
    "size": 7.6,
    "transaction_hash": "0xecf87e7d77589ccb79b10e75f0da188553385c9284745f805f6324c65c953ad7",
    "condition_id": "0xb99884b3f3cc333e3951aa35c4969cf5f5ac0a550a84bf07f6389d66010e30b2",
    "bracket_low": 380,
    "bracket_high": 399
  },
  {
    "timestamp": 1771962558,
    "market_slug": "elon-musk-of-tweets-february-17-february-24-400-419",
    "event_slug": "elon-musk-of-tweets-february-17-february-24",
    "token_id": "27960314477560944451110220326096972547051572539754910347820999869419629088907",
    "outcome": "No",
    "side": "SELL",
    "price": 0.999,
    "size": 1.52,
    "transaction_hash": "0xca2e21c2c589a97d95e36ef845774c9fe77b586d5973a71232d53ceca99956d6",
    "condition_id": "0x3e73cc5be5299d0d78b7bdfae2c9384c893cbe24f6aec9ff40750b3ff6b2ae08",
    "bracket_low": 400,
    "bracket_high": 419
  },
  {
    "timestamp": 1771962420,
    "market_slug": "elon-musk-of-tweets-february-17-february-24-360-379",
    "event_slug": "elon-musk-of-tweets-february-17-february-24",
    "token_id": "11625569375658944758939960718524757223156171762969588988339287460913701524327",
    "outcome": "Yes",
    "side": "SELL",
    "price": 0.999,
    "size": 123.33,
    "transaction_hash": "0xa5a3ee50d712d8c7266a63c5b2ed7dbe6b3bc876d0152bcdb535b85c69c7b24b",
    "condition_id": "0x01dd8795176ff3add669f0c5be2bbba86ef480fe25ce165ba1bda063d91304f3",
    "bracket_low": 360,
    "bracket_high": 379
  },
  {
    "timestamp": 1771962248,
    "market_slug": "elon-musk-of-tweets-february-17-february-24-360-379",
    "event_slug": "elon-musk-of-tweets-february-17-february-24",
    "token_id": "11625569375658944758939960718524757223156171762969588988339287460913701524327",
    "outcome": "Yes",
    "side": "SELL",
    "price": 0.999,
    "size": 5,
    "transaction_hash": "0x97f866e2197eb5cbb20ba37fa9f6f892e20c51bc36ffa636d85c784feec49c6a",
    "condition_id": "0x01dd8795176ff3add669f0c5be2bbba86ef480fe25ce165ba1bda063d91304f3",
    "bracket_low": 360,
    "bracket_high": 379
  },
  {
    "timestamp": 1771962236,
    "market_slug": "elon-musk-of-tweets-february-17-february-24-360-379",
    "event_slug": "elon-musk-of-tweets-february-17-february-24",
    "token_id": "11625569375658944758939960718524757223156171762969588988339287460913701524327",
    "outcome": "Yes",
    "side": "SELL",
    "price": 0.999,
    "size": 35.89,
    "transaction_hash": "0xd122e7a9e429ae858b0cb988f33a94d0f246d5ec1e097441c09651192e9275b8",
    "condition_id": "0x01dd8795176ff3add669f0c5be2bbba86ef480fe25ce165ba1bda063d91304f3",
    "bracket_low": 360,
    "bracket_high": 379
  },
  {
    "timestamp": 1771962046,
    "market_slug": "elon-musk-of-tweets-february-17-february-24-360-379",
    "event_slug": "elon-musk-of-tweets-february-17-february-24",
    "token_id": "11625569375658944758939960718524757223156171762969588988339287460913701524327",
    "outcome": "Yes",
    "side": "SELL",
    "price": 0.999,
    "size": 6.25,
    "transaction_hash": "0x987383d6637c717f57028d75efa6ac101c65bd52299b04cb897c8a84393fd0e2",
    "condition_id": "0x01dd8795176ff3add669f0c5be2bbba86ef480fe25ce165ba1bda063d91304f3",
    "bracket_low": 360,
    "bracket_high": 379
  },
  {
    "timestamp": 1771961968,
    "market_slug": "elon-musk-of-tweets-february-17-february-24-340-359",
    "event_slug": "elon-musk-of-tweets-february-17-february-24",
    "token_id": "65069870518600475601396549635229976779808816947881001563866140459976627124388",
    "outcome": "No",
    "side": "SELL",
    "price": 0.999,
    "size": 43.5,
    "transaction_hash": "0x141c4cd866c4d25103fdbbb2dc72c773a72e6f4bb3813b3611bb891aa46f2ea0",
    "condition_id": "0x96aba876fd78029e7dc00382d77cd0092b6c415ea0a8a1ca7cff5919eac0551b",
    "bracket_low": 340,
    "bracket_high": 359
  },
  {
    "timestamp": 1771961848,
    "market_slug": "elon-musk-of-tweets-february-17-february-24-360-379",
    "event_slug": "elon-musk-of-tweets-february-17-february-24",
    "token_id": "11625569375658944758939960718524757223156171762969588988339287460913701524327",
    "outcome": "Yes",
    "side": "SELL",
    "price": 0.999,
    "size": 122.22,
    "transaction_hash": "0x4c84a711f625e530f68ae2ec4b4ced2a3073a107123499781e1133bb3eeff236",
    "condition_id": "0x01dd8795176ff3add669f0c5be2bbba86ef480fe25ce165ba1bda063d91304f3",
    "bracket_low": 360,
    "bracket_high": 379
  },
  {
    "timestamp": 1771961734,
    "market_slug": "elon-musk-of-tweets-february-17-february-24-360-379",
    "event_slug": "elon-musk-of-tweets-february-17-february-24",
    "token_id": "11625569375658944758939960718524757223156171762969588988339287460913701524327",
    "outcome": "Yes",
    "side": "SELL",
    "price": 0.999,
    "size": 62.46,
    "transaction_hash": "0x6108c4d0d346e1d1c34677df1021f33ffa51af689115ef6ebbf367cff37c6e2c",
    "condition_id": "0x01dd8795176ff3add669f0c5be2bbba86ef480fe25ce165ba1bda063d91304f3",
    "bracket_low": 360,
    "bracket_high": 379
  },
  {
    "timestamp": 1771961724,
    "market_slug": "elon-musk-of-tweets-february-17-february-24-340-359",
    "event_slug": "elon-musk-of-tweets-february-17-february-24",
    "token_id": "65069870518600475601396549635229976779808816947881001563866140459976627124388",
    "outcome": "No",
    "side": "SELL",
    "price": 0.999,
    "size": 5,
    "transaction_hash": "0xd1d6909ec47fcabb35637e042e118c109b3d7fcd3d94803ae89c42d24ea10f79",
    "condition_id": "0x96aba876fd78029e7dc00382d77cd0092b6c415ea0a8a1ca7cff5919eac0551b",
    "bracket_low": 340,
    "bracket_high": 359
  },
  {
    "timestamp": 1771961670,
    "market_slug": "elon-musk-of-tweets-february-17-february-24-420-439",
    "event_slug": "elon-musk-of-tweets-february-17-february-24",
    "token_id": "65408196619148395900157103075348925226408413950171264930776418554176377044666",
    "outcome": "No",
    "side": "SELL",
    "price": 0.999,
    "size": 201.39,
    "transaction_hash": "0xb9793fdf8f70386de1d237d6353a6827a4be9a61459ac60c4e81059f33cf3862",
    "condition_id": "0x97e1ae8befc8632f845726b15ff41f966667261b8ac83f2732e5b7326713882f",
    "bracket_low": 420,
    "bracket_high": 439
  },
  {
    "timestamp": 1771961662,
    "market_slug": "elon-musk-of-tweets-february-17-february-24-380-399",
    "event_slug": "elon-musk-of-tweets-february-17-february-24",
    "token_id": "106214838748464318306908845186924711364109977221733477294681400956129457480380",
    "outcome": "No",
    "side": "SELL",
    "price": 0.999,
    "size": 248.04,
    "transaction_hash": "0x891279e9908ccb66e6bf12faab8b92bc84cb4e988eac26731fea0f4ad1eec377",
    "condition_id": "0xb99884b3f3cc333e3951aa35c4969cf5f5ac0a550a84bf07f6389d66010e30b2",
    "bracket_low": 380,
    "bracket_high": 399
  },
  {
    "timestamp": 1771961372,
    "market_slug": "elon-musk-of-tweets-february-17-february-24-360-379",
    "event_slug": "elon-musk-of-tweets-february-17-february-24",
    "token_id": "11625569375658944758939960718524757223156171762969588988339287460913701524327",
    "outcome": "Yes",
    "side": "SELL",
    "price": 0.999,
    "size": 5.88,
    "transaction_hash": "0xf310bcb7a419832e5a75257038561e1a7353b83bc9f2960ce42aa45ee8d64b27",
    "condition_id": "0x01dd8795176ff3add669f0c5be2bbba86ef480fe25ce165ba1bda063d91304f3",
    "bracket_low": 360,
    "bracket_high": 379
  },
  {
    "timestamp": 1771961272,
    "market_slug": "elon-musk-of-tweets-february-17-february-24-400-419",
    "event_slug": "elon-musk-of-tweets-february-17-february-24",
    "token_id": "27960314477560944451110220326096972547051572539754910347820999869419629088907",
    "outcome": "No",
    "side": "SELL",
    "price": 0.999,
    "size": 363.28,
    "transaction_hash": "0x3bb1f03eb758e6794a5c80dcbea024eeaed200ab7767fea395e11585aa3a8921",
    "condition_id": "0x3e73cc5be5299d0d78b7bdfae2c9384c893cbe24f6aec9ff40750b3ff6b2ae08",
    "bracket_low": 400,
    "bracket_high": 419
  },
  {
    "timestamp": 1771961040,
    "market_slug": "elon-musk-of-tweets-february-17-february-24-340-359",
    "event_slug": "elon-musk-of-tweets-february-17-february-24",
    "token_id": "65069870518600475601396549635229976779808816947881001563866140459976627124388",
    "outcome": "No",
    "side": "SELL",
    "price": 0.999,
    "size": 8.14,
    "transaction_hash": "0xedbe9b9dea0e7424bccc678d2967b5b8351fac45e193cc8b946f7c29a76e7225",
    "condition_id": "0x96aba876fd78029e7dc00382d77cd0092b6c415ea0a8a1ca7cff5919eac0551b",
    "bracket_low": 340,
    "bracket_high": 359
  },
  {
    "timestamp": 1771960876,
    "market_slug": "elon-musk-of-tweets-february-17-february-24-380-399",
    "event_slug": "elon-musk-of-tweets-february-17-february-24",
    "token_id": "106214838748464318306908845186924711364109977221733477294681400956129457480380",
    "outcome": "No",
    "side": "SELL",
    "price": 0.999,
    "size": 207.25,
    "transaction_hash": "0x3b3e4fc14e32fd8610c46c22861aa43a21b6ef3b2f7276cd133ff3a89241eea5",
    "condition_id": "0xb99884b3f3cc333e3951aa35c4969cf5f5ac0a550a84bf07f6389d66010e30b2",
    "bracket_low": 380,
    "bracket_high": 399
  },
  {
    "timestamp": 1771960848,
    "market_slug": "elon-musk-of-tweets-february-17-february-24-360-379",
    "event_slug": "elon-musk-of-tweets-february-17-february-24",
    "token_id": "11625569375658944758939960718524757223156171762969588988339287460913701524327",
    "outcome": "Yes",
    "side": "SELL",
    "price": 0.999,
    "size": 2.12,
    "transaction_hash": "0xc7feb8d6984098f15a544d9faf017cb4a859e97137c61ad7d1608d043acd8ef9",
    "condition_id": "0x01dd8795176ff3add669f0c5be2bbba86ef480fe25ce165ba1bda063d91304f3",
    "bracket_low": 360,
    "bracket_high": 379
  },
  {
    "timestamp": 1771960780,
    "market_slug": "elon-musk-of-tweets-february-17-february-24-360-379",
    "event_slug": "elon-musk-of-tweets-february-17-february-24",
    "token_id": "11625569375658944758939960718524757223156171762969588988339287460913701524327",
    "outcome": "Yes",
    "side": "SELL",
    "price": 0.999,
    "size": 416.66,
    "transaction_hash": "0xb3b83047a6e1b09275294380c7a9a4160faae31b5c811bb3a581a3c6c96ced35",
    "condition_id": "0x01dd8795176ff3add669f0c5be2bbba86ef480fe25ce165ba1bda063d91304f3",
    "bracket_low": 360,
    "bracket_high": 379
  },
  {
    "timestamp": 1771960770,
    "market_slug": "elon-musk-of-tweets-february-17-february-24-360-379",
    "event_slug": "elon-musk-of-tweets-february-17-february-24",
    "token_id": "11625569375658944758939960718524757223156171762969588988339287460913701524327",
    "outcome": "Yes",
    "side": "SELL",
    "price": 0.999,
    "size": 35349.72,
    "transaction_hash": "0x68d2aa418aef81f6127b061683e5b5c0aa2c2f14b38c7b87280ad84fb9a48342",
    "condition_id": "0x01dd8795176ff3add669f0c5be2bbba86ef480fe25ce165ba1bda063d91304f3",
    "bracket_low": 360,
    "bracket_high": 379
  },
  {
    "timestamp": 1771960562,
    "market_slug": "elon-musk-of-tweets-february-17-february-24-360-379",
    "event_slug": "elon-musk-of-tweets-february-17-february-24",
    "token_id": "11625569375658944758939960718524757223156171762969588988339287460913701524327",
    "outcome": "Yes",
    "side": "SELL",
    "price": 0.999,
    "size": 13.88,
    "transaction_hash": "0x85f92b5a003d05a9d6c27abb5bbe4ebb583d5293a001cfb0236452ec4910ea84",
    "condition_id": "0x01dd8795176ff3add669f0c5be2bbba86ef480fe25ce165ba1bda063d91304f3",
    "bracket_low": 360,
    "bracket_high": 379
  },
  {
    "timestamp": 1771960286,
    "market_slug": "elon-musk-of-tweets-february-17-february-24-360-379",
    "event_slug": "elon-musk-of-tweets-february-17-february-24",
    "token_id": "11625569375658944758939960718524757223156171762969588988339287460913701524327",
    "outcome": "Yes",
    "side": "SELL",
    "price": 0.999,
    "size": 328.57,
    "transaction_hash": "0xbb5a5ae4f21f9f610dd11f986c9751bc990b9f2b95e6d3727e4291fe27500bf8",
    "condition_id": "0x01dd8795176ff3add669f0c5be2bbba86ef480fe25ce165ba1bda063d91304f3",
    "bracket_low": 360,
    "bracket_high": 379
  },
  {
    "timestamp": 1771960272,
    "market_slug": "elon-musk-of-tweets-february-17-february-24-340-359",
    "event_slug": "elon-musk-of-tweets-february-17-february-24",
    "token_id": "103576015245621948777856624052548463486113171579256533183558456169676586831642",
    "outcome": "Yes",
    "side": "BUY",
    "price": 0.001,
    "size": 1000,
    "transaction_hash": "0x40882ecbc7203e34021fbbc1679343cc9bb58e4c2cc66627745c2aaaa58e7032",
    "condition_id": "0x96aba876fd78029e7dc00382d77cd0092b6c415ea0a8a1ca7cff5919eac0551b",
    "bracket_low": 340,
    "bracket_high": 359
  },
  {
    "timestamp": 1771960142,
    "market_slug": "elon-musk-of-tweets-february-17-february-24-340-359",
    "event_slug": "elon-musk-of-tweets-february-17-february-24",
    "token_id": "65069870518600475601396549635229976779808816947881001563866140459976627124388",
    "outcome": "No",
    "side": "SELL",
    "price": 0.999,
    "size": 4.57,
    "transaction_hash": "0xef874820c0a72c0fd17f87b4ccf6bc16b6ba9249d44777655a67fd67dd807060",
    "condition_id": "0x96aba876fd78029e7dc00382d77cd0092b6c415ea0a8a1ca7cff5919eac0551b",
    "bracket_low": 340,
    "bracket_high": 359
  },
  {
    "timestamp": 1771960062,
    "market_slug": "elon-musk-of-tweets-february-17-february-24-340-359",
    "event_slug": "elon-musk-of-tweets-february-17-february-24",
    "token_id": "65069870518600475601396549635229976779808816947881001563866140459976627124388",
    "outcome": "No",
    "side": "SELL",
    "price": 0.999,
    "size": 178.57,
    "transaction_hash": "0x8e1767a734dd6c58095039d38d4f3a8dd6fad7ecc2a6fa4cea92b3e90dc9f5ce",
    "condition_id": "0x96aba876fd78029e7dc00382d77cd0092b6c415ea0a8a1ca7cff5919eac0551b",
    "bracket_low": 340,
    "bracket_high": 359
  },
  {
    "timestamp": 1771959948,
    "market_slug": "elon-musk-of-tweets-february-17-february-24-360-379",
    "event_slug": "elon-musk-of-tweets-february-17-february-24",
    "token_id": "11625569375658944758939960718524757223156171762969588988339287460913701524327",
    "outcome": "Yes",
    "side": "SELL",
    "price": 0.999,
    "size": 11.32,
    "transaction_hash": "0x24aac674f36b197409e818191013f0f15dea031b17500d809b93564145b1162c",
    "condition_id": "0x01dd8795176ff3add669f0c5be2bbba86ef480fe25ce165ba1bda063d91304f3",
    "bracket_low": 360,
    "bracket_high": 379
  },
  {
    "timestamp": 1771959854,
    "market_slug": "elon-musk-of-tweets-february-17-february-24-360-379",
    "event_slug": "elon-musk-of-tweets-february-17-february-24",
    "token_id": "11625569375658944758939960718524757223156171762969588988339287460913701524327",
    "outcome": "Yes",
    "side": "SELL",
    "price": 0.999,
    "size": 23.33,
    "transaction_hash": "0x2ac882ce5a90662841b2b516d52041641dc0e08ed5d9571f82e2debe9387030b",
    "condition_id": "0x01dd8795176ff3add669f0c5be2bbba86ef480fe25ce165ba1bda063d91304f3",
    "bracket_low": 360,
    "bracket_high": 379
  },
  {
    "timestamp": 1771959808,
    "market_slug": "elon-musk-of-tweets-february-17-february-24-400-419",
    "event_slug": "elon-musk-of-tweets-february-17-february-24",
    "token_id": "27960314477560944451110220326096972547051572539754910347820999869419629088907",
    "outcome": "No",
    "side": "SELL",
    "price": 0.999,
    "size": 9.99,
    "transaction_hash": "0x4f58776f19bcea5b302a765071940e23a27a12b06d70f736e5a28c6dfcd70824",
    "condition_id": "0x3e73cc5be5299d0d78b7bdfae2c9384c893cbe24f6aec9ff40750b3ff6b2ae08",
    "bracket_low": 400,
    "bracket_high": 419
  },
  {
    "timestamp": 1771959806,
    "market_slug": "elon-musk-of-tweets-february-17-february-24-360-379",
    "event_slug": "elon-musk-of-tweets-february-17-february-24",
    "token_id": "11625569375658944758939960718524757223156171762969588988339287460913701524327",
    "outcome": "Yes",
    "side": "SELL",
    "price": 0.999,
    "size": 38.46,
    "transaction_hash": "0x2862adf09cfc68f45c28c509308d750e5b14205fb5b5d9728778c8a888472bae",
    "condition_id": "0x01dd8795176ff3add669f0c5be2bbba86ef480fe25ce165ba1bda063d91304f3",
    "bracket_low": 360,
    "bracket_high": 379
  },
  {
    "timestamp": 1771959752,
    "market_slug": "elon-musk-of-tweets-february-17-february-24-360-379",
    "event_slug": "elon-musk-of-tweets-february-17-february-24",
    "token_id": "11625569375658944758939960718524757223156171762969588988339287460913701524327",
    "outcome": "Yes",
    "side": "SELL",
    "price": 0.999,
    "size": 10,
    "transaction_hash": "0x395a151c24d089cba08335ab49f236f54b190ce7db73bbd0bd86e05c18a488c5",
    "condition_id": "0x01dd8795176ff3add669f0c5be2bbba86ef480fe25ce165ba1bda063d91304f3",
    "bracket_low": 360,
    "bracket_high": 379
  },
  {
    "timestamp": 1771959738,
    "market_slug": "elon-musk-of-tweets-february-17-february-24-360-379",
    "event_slug": "elon-musk-of-tweets-february-17-february-24",
    "token_id": "11625569375658944758939960718524757223156171762969588988339287460913701524327",
    "outcome": "Yes",
    "side": "SELL",
    "price": 0.999,
    "size": 3.95,
    "transaction_hash": "0xfb9e31ad0927eb8b4025ecfcee4840f3b17eb64f61f3914a50f21dba5301facf",
    "condition_id": "0x01dd8795176ff3add669f0c5be2bbba86ef480fe25ce165ba1bda063d91304f3",
    "bracket_low": 360,
    "bracket_high": 379
  },
  {
    "timestamp": 1771959528,
    "market_slug": "elon-musk-of-tweets-february-17-february-24-400-419",
    "event_slug": "elon-musk-of-tweets-february-17-february-24",
    "token_id": "27960314477560944451110220326096972547051572539754910347820999869419629088907",
    "outcome": "No",
    "side": "SELL",
    "price": 0.999,
    "size": 765.09,
    "transaction_hash": "0x09a85b9578abcae0a5afb5135b6ccb149ea68b6f4f8529d70938c46c10473d44",
    "condition_id": "0x3e73cc5be5299d0d78b7bdfae2c9384c893cbe24f6aec9ff40750b3ff6b2ae08",
    "bracket_low": 400,
    "bracket_high": 419
  },
  {
    "timestamp": 1771959402,
    "market_slug": "elon-musk-of-tweets-february-17-february-24-360-379",
    "event_slug": "elon-musk-of-tweets-february-17-february-24",
    "token_id": "11625569375658944758939960718524757223156171762969588988339287460913701524327",
    "outcome": "Yes",
    "side": "SELL",
    "price": 0.999,
    "size": 11.42,
    "transaction_hash": "0x912398bb976d36431c7b5f470cc026438c2f6e6fe02111ec8b75d96e66ef58cf",
    "condition_id": "0x01dd8795176ff3add669f0c5be2bbba86ef480fe25ce165ba1bda063d91304f3",
    "bracket_low": 360,
    "bracket_high": 379
  },
  {
    "timestamp": 1771959374,
    "market_slug": "elon-musk-of-tweets-february-17-february-24-360-379",
    "event_slug": "elon-musk-of-tweets-february-17-february-24",
    "token_id": "11625569375658944758939960718524757223156171762969588988339287460913701524327",
    "outcome": "Yes",
    "side": "SELL",
    "price": 0.999,
    "size": 6.33,
    "transaction_hash": "0x1de910317b52722306d2e8b11b4bdaf54e13b9017eb48133215d2f5704b7eabf",
    "condition_id": "0x01dd8795176ff3add669f0c5be2bbba86ef480fe25ce165ba1bda063d91304f3",
    "bracket_low": 360,
    "bracket_high": 379
  },
  {
    "timestamp": 1771959188,
    "market_slug": "elon-musk-of-tweets-february-17-february-24-360-379",
    "event_slug": "elon-musk-of-tweets-february-17-february-24",
    "token_id": "11625569375658944758939960718524757223156171762969588988339287460913701524327",
    "outcome": "Yes",
    "side": "SELL",
    "price": 0.999,
    "size": 5,
    "transaction_hash": "0x890cd8bb1c0874b7d9effdc6c398cc7f94c7f0063e99b3b1692d9d92b6bb41df",
    "condition_id": "0x01dd8795176ff3add669f0c5be2bbba86ef480fe25ce165ba1bda063d91304f3",
    "bracket_low": 360,
    "bracket_high": 379
  },
  {
    "timestamp": 1771959170,
    "market_slug": "elon-musk-of-tweets-february-17-february-24-360-379",
    "event_slug": "elon-musk-of-tweets-february-17-february-24",
    "token_id": "11625569375658944758939960718524757223156171762969588988339287460913701524327",
    "outcome": "Yes",
    "side": "SELL",
    "price": 0.999,
    "size": 27.75,
    "transaction_hash": "0x564a99eb08bd01f6daa43bbd81dd425439c48340edd27b8a32b66fa02aa4ffa4",
    "condition_id": "0x01dd8795176ff3add669f0c5be2bbba86ef480fe25ce165ba1bda063d91304f3",
    "bracket_low": 360,
    "bracket_high": 379
  },
  {
    "timestamp": 1771959070,
    "market_slug": "elon-musk-of-tweets-february-17-february-24-380-399",
    "event_slug": "elon-musk-of-tweets-february-17-february-24",
    "token_id": "106214838748464318306908845186924711364109977221733477294681400956129457480380",
    "outcome": "No",
    "side": "SELL",
    "price": 0.999,
    "size": 4165.54,
    "transaction_hash": "0xb8680aa77f51471edd0fd150b7fee7872c87ac259f0a798022929921ac825d82",
    "condition_id": "0xb99884b3f3cc333e3951aa35c4969cf5f5ac0a550a84bf07f6389d66010e30b2",
    "bracket_low": 380,
    "bracket_high": 399
  },
  {
    "timestamp": 1771958938,
    "market_slug": "elon-musk-of-tweets-february-17-february-24-360-379",
    "event_slug": "elon-musk-of-tweets-february-17-february-24",
    "token_id": "11625569375658944758939960718524757223156171762969588988339287460913701524327",
    "outcome": "Yes",
    "side": "SELL",
    "price": 0.999,
    "size": 1391.62,
    "transaction_hash": "0x0e632f286240ce9c1fa7ac9c2c00b76bc96fae211098e7c82fb5391e7253374b",
    "condition_id": "0x01dd8795176ff3add669f0c5be2bbba86ef480fe25ce165ba1bda063d91304f3",
    "bracket_low": 360,
    "bracket_high": 379
  },
  {
    "timestamp": 1771958776,
    "market_slug": "elon-musk-of-tweets-february-17-february-24-360-379",
    "event_slug": "elon-musk-of-tweets-february-17-february-24",
    "token_id": "11625569375658944758939960718524757223156171762969588988339287460913701524327",
    "outcome": "Yes",
    "side": "SELL",
    "price": 0.999,
    "size": 385.8,
    "transaction_hash": "0x1c491350b2053173480f45b356d706c14cd0c602b792fd6869cf466dead0eb4e",
    "condition_id": "0x01dd8795176ff3add669f0c5be2bbba86ef480fe25ce165ba1bda063d91304f3",
    "bracket_low": 360,
    "bracket_high": 379
  },
  {
    "timestamp": 1771958586,
    "market_slug": "elon-musk-of-tweets-february-17-february-24-340-359",
    "event_slug": "elon-musk-of-tweets-february-17-february-24",
    "token_id": "65069870518600475601396549635229976779808816947881001563866140459976627124388",
    "outcome": "No",
    "side": "SELL",
    "price": 0.999,
    "size": 4.08,
    "transaction_hash": "0x15647fca121d09b3158fea2db8b65c3abc0dbe7d1bd937820120ddb3c0608b2a",
    "condition_id": "0x96aba876fd78029e7dc00382d77cd0092b6c415ea0a8a1ca7cff5919eac0551b",
    "bracket_low": 340,
    "bracket_high": 359
  },
  {
    "timestamp": 1771958560,
    "market_slug": "elon-musk-of-tweets-february-17-february-24-360-379",
    "event_slug": "elon-musk-of-tweets-february-17-february-24",
    "token_id": "11625569375658944758939960718524757223156171762969588988339287460913701524327",
    "outcome": "Yes",
    "side": "SELL",
    "price": 0.999,
    "size": 10.41,
    "transaction_hash": "0x81d922934f3b5dd3680de151a16b37eb600ddf40afea89d3b9c473b084dab61c",
    "condition_id": "0x01dd8795176ff3add669f0c5be2bbba86ef480fe25ce165ba1bda063d91304f3",
    "bracket_low": 360,
    "bracket_high": 379
  },
  {
    "timestamp": 1771958490,
    "market_slug": "elon-musk-of-tweets-february-17-february-24-340-359",
    "event_slug": "elon-musk-of-tweets-february-17-february-24",
    "token_id": "65069870518600475601396549635229976779808816947881001563866140459976627124388",
    "outcome": "No",
    "side": "SELL",
    "price": 0.999,
    "size": 28.21,
    "transaction_hash": "0xe24eede78ff6bbbca5a5a1df2a0bb60a398e99ed8094e1fc8456233e36591af0",
    "condition_id": "0x96aba876fd78029e7dc00382d77cd0092b6c415ea0a8a1ca7cff5919eac0551b",
    "bracket_low": 340,
    "bracket_high": 359
  },
  {
    "timestamp": 1771958456,
    "market_slug": "elon-musk-of-tweets-february-17-february-24-360-379",
    "event_slug": "elon-musk-of-tweets-february-17-february-24",
    "token_id": "11625569375658944758939960718524757223156171762969588988339287460913701524327",
    "outcome": "Yes",
    "side": "SELL",
    "price": 0.999,
    "size": 14.22,
    "transaction_hash": "0xb39bd9215add6855423bc285ce7384399a2fee4f234dc724d4f6259efbe69701",
    "condition_id": "0x01dd8795176ff3add669f0c5be2bbba86ef480fe25ce165ba1bda063d91304f3",
    "bracket_low": 360,
    "bracket_high": 379
  },
  {
    "timestamp": 1771958440,
    "market_slug": "elon-musk-of-tweets-february-17-february-24-360-379",
    "event_slug": "elon-musk-of-tweets-february-17-february-24",
    "token_id": "11625569375658944758939960718524757223156171762969588988339287460913701524327",
    "outcome": "Yes",
    "side": "SELL",
    "price": 0.999,
    "size": 45.45,
    "transaction_hash": "0xdbe1f3ac2f43924474cc840f9cfef7ee9d43d9b144198104aa2be6e6b721596d",
    "condition_id": "0x01dd8795176ff3add669f0c5be2bbba86ef480fe25ce165ba1bda063d91304f3",
    "bracket_low": 360,
    "bracket_high": 379
  },
  {
    "timestamp": 1771958418,
    "market_slug": "elon-musk-of-tweets-february-17-february-24-360-379",
    "event_slug": "elon-musk-of-tweets-february-17-february-24",
    "token_id": "11625569375658944758939960718524757223156171762969588988339287460913701524327",
    "outcome": "Yes",
    "side": "SELL",
    "price": 0.999,
    "size": 7.66,
    "transaction_hash": "0xd77b87c591599571e48780cde6502da9b869fbb221da22267452e19e558ffd50",
    "condition_id": "0x01dd8795176ff3add669f0c5be2bbba86ef480fe25ce165ba1bda063d91304f3",
    "bracket_low": 360,
    "bracket_high": 379
  },
  {
    "timestamp": 1771958360,
    "market_slug": "elon-musk-of-tweets-february-17-february-24-360-379",
    "event_slug": "elon-musk-of-tweets-february-17-february-24",
    "token_id": "11625569375658944758939960718524757223156171762969588988339287460913701524327",
    "outcome": "Yes",
    "side": "SELL",
    "price": 0.999,
    "size": 4.86,
    "transaction_hash": "0xb0ad73ae9caf0c20e8cc33809bff06f26c762156a0f2eb84d3ee451b43118cd2",
    "condition_id": "0x01dd8795176ff3add669f0c5be2bbba86ef480fe25ce165ba1bda063d91304f3",
    "bracket_low": 360,
    "bracket_high": 379
  },
  {
    "timestamp": 1771958354,
    "market_slug": "elon-musk-of-tweets-february-17-february-24-360-379",
    "event_slug": "elon-musk-of-tweets-february-17-february-24",
    "token_id": "11625569375658944758939960718524757223156171762969588988339287460913701524327",
    "outcome": "Yes",
    "side": "SELL",
    "price": 0.999,
    "size": 37.03,
    "transaction_hash": "0x7c2bcc1470157247f03df3802f55d92ba7a665032727839848cf328fcd93e5fb",
    "condition_id": "0x01dd8795176ff3add669f0c5be2bbba86ef480fe25ce165ba1bda063d91304f3",
    "bracket_low": 360,
    "bracket_high": 379
  },
  {
    "timestamp": 1771958248,
    "market_slug": "elon-musk-of-tweets-february-17-february-24-360-379",
    "event_slug": "elon-musk-of-tweets-february-17-february-24",
    "token_id": "11625569375658944758939960718524757223156171762969588988339287460913701524327",
    "outcome": "Yes",
    "side": "SELL",
    "price": 0.999,
    "size": 25.45,
    "transaction_hash": "0xb8aed630faa3abcda934edaa105dedc4ae7a42adda2ccd201a7d7151e4c6a384",
    "condition_id": "0x01dd8795176ff3add669f0c5be2bbba86ef480fe25ce165ba1bda063d91304f3",
    "bracket_low": 360,
    "bracket_high": 379
  },
  {
    "timestamp": 1771958220,
    "market_slug": "elon-musk-of-tweets-february-17-february-24-340-359",
    "event_slug": "elon-musk-of-tweets-february-17-february-24",
    "token_id": "65069870518600475601396549635229976779808816947881001563866140459976627124388",
    "outcome": "No",
    "side": "SELL",
    "price": 0.999,
    "size": 10,
    "transaction_hash": "0x7a52fd4a904bf55484f3aeedd22acf14ade466cb76b5ac98dd0b6eb6e85a21b9",
    "condition_id": "0x96aba876fd78029e7dc00382d77cd0092b6c415ea0a8a1ca7cff5919eac0551b",
    "bracket_low": 340,
    "bracket_high": 359
  },
  {
    "timestamp": 1771958146,
    "market_slug": "elon-musk-of-tweets-february-17-february-24-360-379",
    "event_slug": "elon-musk-of-tweets-february-17-february-24",
    "token_id": "11625569375658944758939960718524757223156171762969588988339287460913701524327",
    "outcome": "Yes",
    "side": "BUY",
    "price": 0.20999995224298665,
    "size": 15.285713,
    "transaction_hash": "0xa97c485a0514038e09f7af2440838861cbd6c4c81db20debef0535944e4233f6",
    "condition_id": "0x01dd8795176ff3add669f0c5be2bbba86ef480fe25ce165ba1bda063d91304f3",
    "bracket_low": 360,
    "bracket_high": 379
  },
  {
    "timestamp": 1771958146,
    "market_slug": "elon-musk-of-tweets-february-17-february-24-380-399",
    "event_slug": "elon-musk-of-tweets-february-17-february-24",
    "token_id": "106214838748464318306908845186924711364109977221733477294681400956129457480380",
    "outcome": "No",
    "side": "BUY",
    "price": 0.998,
    "size": 8,
    "transaction_hash": "0x07177ab4933cc4c82be2e5f4bbd07d54c7f97fca0af8db85a211f195a9cb8e95",
    "condition_id": "0xb99884b3f3cc333e3951aa35c4969cf5f5ac0a550a84bf07f6389d66010e30b2",
    "bracket_low": 380,
    "bracket_high": 399
  },
  {
    "timestamp": 1771958102,
    "market_slug": "elon-musk-of-tweets-february-17-february-24-360-379",
    "event_slug": "elon-musk-of-tweets-february-17-february-24",
    "token_id": "11625569375658944758939960718524757223156171762969588988339287460913701524327",
    "outcome": "Yes",
    "side": "SELL",
    "price": 0.999,
    "size": 398.43,
    "transaction_hash": "0x3e27a523f528cc13fcdda10f7db0b7f42b25ecd0236df1061bec5d6e5b898ce9",
    "condition_id": "0x01dd8795176ff3add669f0c5be2bbba86ef480fe25ce165ba1bda063d91304f3",
    "bracket_low": 360,
    "bracket_high": 379
  },
  {
    "timestamp": 1771958086,
    "market_slug": "elon-musk-of-tweets-february-17-february-24-360-379",
    "event_slug": "elon-musk-of-tweets-february-17-february-24",
    "token_id": "11625569375658944758939960718524757223156171762969588988339287460913701524327",
    "outcome": "Yes",
    "side": "SELL",
    "price": 0.999,
    "size": 119.04,
    "transaction_hash": "0x61c6da8ff05bbea09318ab2d220427280b073af6e6ff86f62dac1caa457fdca5",
    "condition_id": "0x01dd8795176ff3add669f0c5be2bbba86ef480fe25ce165ba1bda063d91304f3",
    "bracket_low": 360,
    "bracket_high": 379
  },
  {
    "timestamp": 1771958080,
    "market_slug": "elon-musk-of-tweets-february-17-february-24-340-359",
    "event_slug": "elon-musk-of-tweets-february-17-february-24",
    "token_id": "103576015245621948777856624052548463486113171579256533183558456169676586831642",
    "outcome": "Yes",
    "side": "BUY",
    "price": 0.8,
    "size": 39.08,
    "transaction_hash": "0xa7f0ca7f5bc1b68cdb1facc74de959286e7aea7973a03a672a860a244c163d97",
    "condition_id": "0x96aba876fd78029e7dc00382d77cd0092b6c415ea0a8a1ca7cff5919eac0551b",
    "bracket_low": 340,
    "bracket_high": 359
  },
  {
    "timestamp": 1771958080,
    "market_slug": "elon-musk-of-tweets-february-17-february-24-360-379",
    "event_slug": "elon-musk-of-tweets-february-17-february-24",
    "token_id": "11625569375658944758939960718524757223156171762969588988339287460913701524327",
    "outcome": "Yes",
    "side": "SELL",
    "price": 0.2,
    "size": 65.53,
    "transaction_hash": "0x8653792cf19ea4ca5aa28b1ccbf72ba137fc11c864db6c8ee37a5fa01f5e1bb3",
    "condition_id": "0x01dd8795176ff3add669f0c5be2bbba86ef480fe25ce165ba1bda063d91304f3",
    "bracket_low": 360,
    "bracket_high": 379
  },
  {
    "timestamp": 1771957792,
    "market_slug": "elon-musk-of-tweets-february-17-february-24-340-359",
    "event_slug": "elon-musk-of-tweets-february-17-february-24",
    "token_id": "65069870518600475601396549635229976779808816947881001563866140459976627124388",
    "outcome": "No",
    "side": "SELL",
    "price": 0.999,
    "size": 3.7,
    "transaction_hash": "0xd7aa417c36e17100f358e130d12f125ba82f918254de95069beed0fe0ee30e51",
    "condition_id": "0x96aba876fd78029e7dc00382d77cd0092b6c415ea0a8a1ca7cff5919eac0551b",
    "bracket_low": 340,
    "bracket_high": 359
  },
  {
    "timestamp": 1771957570,
    "market_slug": "elon-musk-of-tweets-february-17-february-24-360-379",
    "event_slug": "elon-musk-of-tweets-february-17-february-24",
    "token_id": "11625569375658944758939960718524757223156171762969588988339287460913701524327",
    "outcome": "Yes",
    "side": "SELL",
    "price": 0.999,
    "size": 5,
    "transaction_hash": "0xa69cc72228b54c663c12691fe984b8976b5228d973b92b8e741fea6d21469391",
    "condition_id": "0x01dd8795176ff3add669f0c5be2bbba86ef480fe25ce165ba1bda063d91304f3",
    "bracket_low": 360,
    "bracket_high": 379
  },
  {
    "timestamp": 1771957550,
    "market_slug": "elon-musk-of-tweets-february-17-february-24-360-379",
    "event_slug": "elon-musk-of-tweets-february-17-february-24",
    "token_id": "11625569375658944758939960718524757223156171762969588988339287460913701524327",
    "outcome": "Yes",
    "side": "SELL",
    "price": 0.999,
    "size": 50,
    "transaction_hash": "0x01467f1e8babf4604c648d03f1c7c40dfd559b95158657caa9ae7e5bd22c5027",
    "condition_id": "0x01dd8795176ff3add669f0c5be2bbba86ef480fe25ce165ba1bda063d91304f3",
    "bracket_low": 360,
    "bracket_high": 379
  },
  {
    "timestamp": 1771957458,
    "market_slug": "elon-musk-of-tweets-february-17-february-24-360-379",
    "event_slug": "elon-musk-of-tweets-february-17-february-24",
    "token_id": "11625569375658944758939960718524757223156171762969588988339287460913701524327",
    "outcome": "Yes",
    "side": "SELL",
    "price": 0.999,
    "size": 49.56,
    "transaction_hash": "0x8f820c715a0564f5967ad89007cd092fa9a283055f480e83b0799db4218607d1",
    "condition_id": "0x01dd8795176ff3add669f0c5be2bbba86ef480fe25ce165ba1bda063d91304f3",
    "bracket_low": 360,
    "bracket_high": 379
  },
  {
    "timestamp": 1771957428,
    "market_slug": "elon-musk-of-tweets-february-17-february-24-360-379",
    "event_slug": "elon-musk-of-tweets-february-17-february-24",
    "token_id": "11625569375658944758939960718524757223156171762969588988339287460913701524327",
    "outcome": "Yes",
    "side": "SELL",
    "price": 0.999,
    "size": 423.24,
    "transaction_hash": "0xccacdc4e7b740148f55b20682099bf243d7ff580a026d793b7770edf4fb3deaf",
    "condition_id": "0x01dd8795176ff3add669f0c5be2bbba86ef480fe25ce165ba1bda063d91304f3",
    "bracket_low": 360,
    "bracket_high": 379
  },
  {
    "timestamp": 1771957312,
    "market_slug": "elon-musk-of-tweets-february-17-february-24-340-359",
    "event_slug": "elon-musk-of-tweets-february-17-february-24",
    "token_id": "103576015245621948777856624052548463486113171579256533183558456169676586831642",
    "outcome": "Yes",
    "side": "BUY",
    "price": 0.5699999829782074,
    "size": 21.736841,
    "transaction_hash": "0xa58f7d3db3d993b2261de06b7eef9fc46dbb2bfc2c36abc863bd2572cf373a45",
    "condition_id": "0x96aba876fd78029e7dc00382d77cd0092b6c415ea0a8a1ca7cff5919eac0551b",
    "bracket_low": 340,
    "bracket_high": 359
  },
  {
    "timestamp": 1771957230,
    "market_slug": "elon-musk-of-tweets-february-17-february-24-380-399",
    "event_slug": "elon-musk-of-tweets-february-17-february-24",
    "token_id": "106214838748464318306908845186924711364109977221733477294681400956129457480380",
    "outcome": "No",
    "side": "SELL",
    "price": 0.999,
    "size": 312.8,
    "transaction_hash": "0x55cde14d7d1e72555bb94763365b74384790e5150419e1374f967d985fc2d40b",
    "condition_id": "0xb99884b3f3cc333e3951aa35c4969cf5f5ac0a550a84bf07f6389d66010e30b2",
    "bracket_low": 380,
    "bracket_high": 399
  },
  {
    "timestamp": 1771957166,
    "market_slug": "elon-musk-of-tweets-february-17-february-24-340-359",
    "event_slug": "elon-musk-of-tweets-february-17-february-24",
    "token_id": "103576015245621948777856624052548463486113171579256533183558456169676586831642",
    "outcome": "Yes",
    "side": "BUY",
    "price": 0.001,
    "size": 3000,
    "transaction_hash": "0xb211bb4ab6e789ffb4e14ac2e170932f14b41c03951205c3d95e9f309a7509fc",
    "condition_id": "0x96aba876fd78029e7dc00382d77cd0092b6c415ea0a8a1ca7cff5919eac0551b",
    "bracket_low": 340,
    "bracket_high": 359
  },
  {
    "timestamp": 1771957138,
    "market_slug": "elon-musk-of-tweets-february-17-february-24-340-359",
    "event_slug": "elon-musk-of-tweets-february-17-february-24",
    "token_id": "65069870518600475601396549635229976779808816947881001563866140459976627124388",
    "outcome": "No",
    "side": "SELL",
    "price": 0.999,
    "size": 10,
    "transaction_hash": "0xaa61a1e680eb0b5f0c4d0e6e242b6c695ae423df6c0257ef0537497cdb400061",
    "condition_id": "0x96aba876fd78029e7dc00382d77cd0092b6c415ea0a8a1ca7cff5919eac0551b",
    "bracket_low": 340,
    "bracket_high": 359
  },
  {
    "timestamp": 1771956922,
    "market_slug": "elon-musk-of-tweets-february-17-february-24-360-379",
    "event_slug": "elon-musk-of-tweets-february-17-february-24",
    "token_id": "11625569375658944758939960718524757223156171762969588988339287460913701524327",
    "outcome": "Yes",
    "side": "SELL",
    "price": 0.999,
    "size": 1000,
    "transaction_hash": "0x9854a62d2aee3ba9205be276d7b241198b1836fce4f146655f8a03f11e9e63f8",
    "condition_id": "0x01dd8795176ff3add669f0c5be2bbba86ef480fe25ce165ba1bda063d91304f3",
    "bracket_low": 360,
    "bracket_high": 379
  },
  {
    "timestamp": 1771956852,
    "market_slug": "elon-musk-of-tweets-february-17-february-24-360-379",
    "event_slug": "elon-musk-of-tweets-february-17-february-24",
    "token_id": "11625569375658944758939960718524757223156171762969588988339287460913701524327",
    "outcome": "Yes",
    "side": "SELL",
    "price": 0.999,
    "size": 2,
    "transaction_hash": "0x8f48f73dbb9d4c44a9d45e738f3e96e21e457bcde76740a0bc9967c6b28e976d",
    "condition_id": "0x01dd8795176ff3add669f0c5be2bbba86ef480fe25ce165ba1bda063d91304f3",
    "bracket_low": 360,
    "bracket_high": 379
  },
  {
    "timestamp": 1771956834,
    "market_slug": "elon-musk-of-tweets-february-17-february-24-340-359",
    "event_slug": "elon-musk-of-tweets-february-17-february-24",
    "token_id": "65069870518600475601396549635229976779808816947881001563866140459976627124388",
    "outcome": "No",
    "side": "BUY",
    "price": 0.4,
    "size": 20,
    "transaction_hash": "0x89ee3c69a5f5990bd52819c6f7ec7e16395620380ae1150f02c2e08e21592764",
    "condition_id": "0x96aba876fd78029e7dc00382d77cd0092b6c415ea0a8a1ca7cff5919eac0551b",
    "bracket_low": 340,
    "bracket_high": 359
  },
  {
    "timestamp": 1771956808,
    "market_slug": "elon-musk-of-tweets-february-17-february-24-360-379",
    "event_slug": "elon-musk-of-tweets-february-17-february-24",
    "token_id": "11625569375658944758939960718524757223156171762969588988339287460913701524327",
    "outcome": "Yes",
    "side": "SELL",
    "price": 0.999,
    "size": 4.33,
    "transaction_hash": "0xdbc887c4dfadf14c31ef1414064d61876754db823bfbdf2ca8da9239d38a5c16",
    "condition_id": "0x01dd8795176ff3add669f0c5be2bbba86ef480fe25ce165ba1bda063d91304f3",
    "bracket_low": 360,
    "bracket_high": 379
  },
  {
    "timestamp": 1771956806,
    "market_slug": "elon-musk-of-tweets-february-17-february-24-380-399",
    "event_slug": "elon-musk-of-tweets-february-17-february-24",
    "token_id": "106214838748464318306908845186924711364109977221733477294681400956129457480380",
    "outcome": "No",
    "side": "SELL",
    "price": 0.999,
    "size": 8.41,
    "transaction_hash": "0xbb8803bc430b5b065fa3199f3e3c4a95cff030b93779f48d1db7bf9d39f0a27a",
    "condition_id": "0xb99884b3f3cc333e3951aa35c4969cf5f5ac0a550a84bf07f6389d66010e30b2",
    "bracket_low": 380,
    "bracket_high": 399
  },
  {
    "timestamp": 1771956782,
    "market_slug": "elon-musk-of-tweets-february-17-february-24-360-379",
    "event_slug": "elon-musk-of-tweets-february-17-february-24",
    "token_id": "11625569375658944758939960718524757223156171762969588988339287460913701524327",
    "outcome": "Yes",
    "side": "SELL",
    "price": 0.999,
    "size": 20.98,
    "transaction_hash": "0x840208cefb22996c2adf1c6639fbffc98da48104477327712c5cd1a4f5c363e0",
    "condition_id": "0x01dd8795176ff3add669f0c5be2bbba86ef480fe25ce165ba1bda063d91304f3",
    "bracket_low": 360,
    "bracket_high": 379
  },
  {
    "timestamp": 1771956718,
    "market_slug": "elon-musk-of-tweets-february-17-february-24-380-399",
    "event_slug": "elon-musk-of-tweets-february-17-february-24",
    "token_id": "20514581474220126032370418192542678522643426669916383209841813873174312670562",
    "outcome": "Yes",
    "side": "BUY",
    "price": 0.001,
    "size": 144.28,
    "transaction_hash": "0xf3dab1b41af768d111aec047591b1f2d1cf93a9bad17ad4f6088d43dff6e0e46",
    "condition_id": "0xb99884b3f3cc333e3951aa35c4969cf5f5ac0a550a84bf07f6389d66010e30b2",
    "bracket_low": 380,
    "bracket_high": 399
  },
  {
    "timestamp": 1771956706,
    "market_slug": "elon-musk-of-tweets-february-17-february-24-380-399",
    "event_slug": "elon-musk-of-tweets-february-17-february-24",
    "token_id": "20514581474220126032370418192542678522643426669916383209841813873174312670562",
    "outcome": "Yes",
    "side": "BUY",
    "price": 0.001,
    "size": 200,
    "transaction_hash": "0x83aa3c46ab88a5e9341706849a1f4dc100f24499da2544d09cf36558b2d039cb",
    "condition_id": "0xb99884b3f3cc333e3951aa35c4969cf5f5ac0a550a84bf07f6389d66010e30b2",
    "bracket_low": 380,
    "bracket_high": 399
  },
  {
    "timestamp": 1771956700,
    "market_slug": "elon-musk-of-tweets-february-17-february-24-380-399",
    "event_slug": "elon-musk-of-tweets-february-17-february-24",
    "token_id": "106214838748464318306908845186924711364109977221733477294681400956129457480380",
    "outcome": "No",
    "side": "BUY",
    "price": 0.996,
    "size": 2.008,
    "transaction_hash": "0x1b3788763369583ec25327efc65a7804a2fe7a2cbbee7506b79b7996952f67a0",
    "condition_id": "0xb99884b3f3cc333e3951aa35c4969cf5f5ac0a550a84bf07f6389d66010e30b2",
    "bracket_low": 380,
    "bracket_high": 399
  },
  {
    "timestamp": 1771956606,
    "market_slug": "elon-musk-of-tweets-february-17-february-24-360-379",
    "event_slug": "elon-musk-of-tweets-february-17-february-24",
    "token_id": "11625569375658944758939960718524757223156171762969588988339287460913701524327",
    "outcome": "Yes",
    "side": "SELL",
    "price": 0.999,
    "size": 55.55,
    "transaction_hash": "0x728032de7ca8c02bca36efa6f3dc389d2c45a3ab9a5b3bed19d9a426a4329beb",
    "condition_id": "0x01dd8795176ff3add669f0c5be2bbba86ef480fe25ce165ba1bda063d91304f3",
    "bracket_low": 360,
    "bracket_high": 379
  },
  {
    "timestamp": 1771956462,
    "market_slug": "elon-musk-of-tweets-february-17-february-24-360-379",
    "event_slug": "elon-musk-of-tweets-february-17-february-24",
    "token_id": "186436695565261968640173870702866149344166545696364611020708424741316528776",
    "outcome": "No",
    "side": "BUY",
    "price": 0.001,
    "size": 5,
    "transaction_hash": "0x57a175521d237f9147f4bb66d1b301d2cc8ad2738274d963b8f7ad97d1949302",
    "condition_id": "0x01dd8795176ff3add669f0c5be2bbba86ef480fe25ce165ba1bda063d91304f3",
    "bracket_low": 360,
    "bracket_high": 379
  },
  {
    "timestamp": 1771956462,
    "market_slug": "elon-musk-of-tweets-february-17-february-24-360-379",
    "event_slug": "elon-musk-of-tweets-february-17-february-24",
    "token_id": "186436695565261968640173870702866149344166545696364611020708424741316528776",
    "outcome": "No",
    "side": "BUY",
    "price": 0.001,
    "size": 2,
    "transaction_hash": "0x8174e81e12f198387b97455850c2f973a9633616e373fa0310e31cb3df4a20a3",
    "condition_id": "0x01dd8795176ff3add669f0c5be2bbba86ef480fe25ce165ba1bda063d91304f3",
    "bracket_low": 360,
    "bracket_high": 379
  },
  {
    "timestamp": 1771956450,
    "market_slug": "elon-musk-of-tweets-february-17-february-24-360-379",
    "event_slug": "elon-musk-of-tweets-february-17-february-24",
    "token_id": "186436695565261968640173870702866149344166545696364611020708424741316528776",
    "outcome": "No",
    "side": "BUY",
    "price": 0.001,
    "size": 1100,
    "transaction_hash": "0x17ac70c8c7212dbbefb71546c00a76460ba8c5977d29e8bbef551573c81372ac",
    "condition_id": "0x01dd8795176ff3add669f0c5be2bbba86ef480fe25ce165ba1bda063d91304f3",
    "bracket_low": 360,
    "bracket_high": 379
  },
  {
    "timestamp": 1771956450,
    "market_slug": "elon-musk-of-tweets-february-17-february-24-360-379",
    "event_slug": "elon-musk-of-tweets-february-17-february-24",
    "token_id": "186436695565261968640173870702866149344166545696364611020708424741316528776",
    "outcome": "No",
    "side": "BUY",
    "price": 0.001,
    "size": 5,
    "transaction_hash": "0x86cf94c745ad032b0f0970728141da365438534f4bb40dc348492a044bc06b95",
    "condition_id": "0x01dd8795176ff3add669f0c5be2bbba86ef480fe25ce165ba1bda063d91304f3",
    "bracket_low": 360,
    "bracket_high": 379
  },
  {
    "timestamp": 1771956450,
    "market_slug": "elon-musk-of-tweets-february-17-february-24-360-379",
    "event_slug": "elon-musk-of-tweets-february-17-february-24",
    "token_id": "186436695565261968640173870702866149344166545696364611020708424741316528776",
    "outcome": "No",
    "side": "BUY",
    "price": 0.001,
    "size": 5,
    "transaction_hash": "0x760cf7ac1036064b0bfd9aaea1ea98b3cf67b538416f13bf2c7ecc687ed64ef7",
    "condition_id": "0x01dd8795176ff3add669f0c5be2bbba86ef480fe25ce165ba1bda063d91304f3",
    "bracket_low": 360,
    "bracket_high": 379
  },
  {
    "timestamp": 1771956450,
    "market_slug": "elon-musk-of-tweets-february-17-february-24-360-379",
    "event_slug": "elon-musk-of-tweets-february-17-february-24",
    "token_id": "186436695565261968640173870702866149344166545696364611020708424741316528776",
    "outcome": "No",
    "side": "BUY",
    "price": 0.001,
    "size": 5,
    "transaction_hash": "0x2a35eb5b0762ca865e3601e9e1d731029671563d088193a155066a6dee65c699",
    "condition_id": "0x01dd8795176ff3add669f0c5be2bbba86ef480fe25ce165ba1bda063d91304f3",
    "bracket_low": 360,
    "bracket_high": 379
  },
  {
    "timestamp": 1771956450,
    "market_slug": "elon-musk-of-tweets-february-17-february-24-360-379",
    "event_slug": "elon-musk-of-tweets-february-17-february-24",
    "token_id": "186436695565261968640173870702866149344166545696364611020708424741316528776",
    "outcome": "No",
    "side": "BUY",
    "price": 0.001,
    "size": 1100,
    "transaction_hash": "0xc93207255ea3d6a721839535d7bb74e854be9f7302b1cc5272320eefd24483ee",
    "condition_id": "0x01dd8795176ff3add669f0c5be2bbba86ef480fe25ce165ba1bda063d91304f3",
    "bracket_low": 360,
    "bracket_high": 379
  },
  {
    "timestamp": 1771956450,
    "market_slug": "elon-musk-of-tweets-february-17-february-24-360-379",
    "event_slug": "elon-musk-of-tweets-february-17-february-24",
    "token_id": "186436695565261968640173870702866149344166545696364611020708424741316528776",
    "outcome": "No",
    "side": "BUY",
    "price": 0.001,
    "size": 5,
    "transaction_hash": "0x6e5508aaf638bcd1e4d255619fdc9f5e46cf42a2638e040abd3e0e4c88abfc14",
    "condition_id": "0x01dd8795176ff3add669f0c5be2bbba86ef480fe25ce165ba1bda063d91304f3",
    "bracket_low": 360,
    "bracket_high": 379
  },
  {
    "timestamp": 1771956448,
    "market_slug": "elon-musk-of-tweets-february-17-february-24-360-379",
    "event_slug": "elon-musk-of-tweets-february-17-february-24",
    "token_id": "11625569375658944758939960718524757223156171762969588988339287460913701524327",
    "outcome": "Yes",
    "side": "BUY",
    "price": 0.3699999660833308,
    "size": 16.216215,
    "transaction_hash": "0x1013f15e851edac9f880a6ee017698554bc13ec4684b0e7f373b382cd52b3e24",
    "condition_id": "0x01dd8795176ff3add669f0c5be2bbba86ef480fe25ce165ba1bda063d91304f3",
    "bracket_low": 360,
    "bracket_high": 379
  },
  {
    "timestamp": 1771956414,
    "market_slug": "elon-musk-of-tweets-february-17-february-24-360-379",
    "event_slug": "elon-musk-of-tweets-february-17-february-24",
    "token_id": "11625569375658944758939960718524757223156171762969588988339287460913701524327",
    "outcome": "Yes",
    "side": "SELL",
    "price": 0.999,
    "size": 40,
    "transaction_hash": "0x9c3e1803ef3e63ae0c874a78b8e623616cd0ddd9d56fa82b1557876f137ec9ce",
    "condition_id": "0x01dd8795176ff3add669f0c5be2bbba86ef480fe25ce165ba1bda063d91304f3",
    "bracket_low": 360,
    "bracket_high": 379
  },
  {
    "timestamp": 1771956392,
    "market_slug": "elon-musk-of-tweets-february-17-february-24-360-379",
    "event_slug": "elon-musk-of-tweets-february-17-february-24",
    "token_id": "11625569375658944758939960718524757223156171762969588988339287460913701524327",
    "outcome": "Yes",
    "side": "SELL",
    "price": 0.999,
    "size": 10.2,
    "transaction_hash": "0x57d5869ccc42fc9c0c4453421a8941f3ef1415e11a93e9409bbafa751ce3130b",
    "condition_id": "0x01dd8795176ff3add669f0c5be2bbba86ef480fe25ce165ba1bda063d91304f3",
    "bracket_low": 360,
    "bracket_high": 379
  },
  {
    "timestamp": 1771956378,
    "market_slug": "elon-musk-of-tweets-february-17-february-24-340-359",
    "event_slug": "elon-musk-of-tweets-february-17-february-24",
    "token_id": "103576015245621948777856624052548463486113171579256533183558456169676586831642",
    "outcome": "Yes",
    "side": "BUY",
    "price": 0.001,
    "size": 1000,
    "transaction_hash": "0x45c1516952246cbed11b868b8e1051a959e07f4556f79c6ad41a782b311e4c58",
    "condition_id": "0x96aba876fd78029e7dc00382d77cd0092b6c415ea0a8a1ca7cff5919eac0551b",
    "bracket_low": 340,
    "bracket_high": 359
  },
  {
    "timestamp": 1771956364,
    "market_slug": "elon-musk-of-tweets-february-17-february-24-360-379",
    "event_slug": "elon-musk-of-tweets-february-17-february-24",
    "token_id": "11625569375658944758939960718524757223156171762969588988339287460913701524327",
    "outcome": "Yes",
    "side": "SELL",
    "price": 0.999,
    "size": 3.44,
    "transaction_hash": "0xa8c0df8b84eb353fbe07badfbd34acd0e78ab2d02ae07adfe4ad1836c068c7f9",
    "condition_id": "0x01dd8795176ff3add669f0c5be2bbba86ef480fe25ce165ba1bda063d91304f3",
    "bracket_low": 360,
    "bracket_high": 379
  },
  {
    "timestamp": 1771956342,
    "market_slug": "elon-musk-of-tweets-february-17-february-24-360-379",
    "event_slug": "elon-musk-of-tweets-february-17-february-24",
    "token_id": "11625569375658944758939960718524757223156171762969588988339287460913701524327",
    "outcome": "Yes",
    "side": "BUY",
    "price": 0.29999997794117483,
    "size": 22.666665,
    "transaction_hash": "0x714dc68a62196c990b6f6c2a7068d7d4f820da32678a29f33426590891db91ab",
    "condition_id": "0x01dd8795176ff3add669f0c5be2bbba86ef480fe25ce165ba1bda063d91304f3",
    "bracket_low": 360,
    "bracket_high": 379
  },
  {
    "timestamp": 1771956342,
    "market_slug": "elon-musk-of-tweets-february-17-february-24-340-359",
    "event_slug": "elon-musk-of-tweets-february-17-february-24",
    "token_id": "103576015245621948777856624052548463486113171579256533183558456169676586831642",
    "outcome": "Yes",
    "side": "SELL",
    "price": 0.63,
    "size": 35.48,
    "transaction_hash": "0x1328e1292edf8da15a433c673d16b31c54437a5f2d7b186406d0d4fe11626495",
    "condition_id": "0x96aba876fd78029e7dc00382d77cd0092b6c415ea0a8a1ca7cff5919eac0551b",
    "bracket_low": 340,
    "bracket_high": 359
  },
  {
    "timestamp": 1771956290,
    "market_slug": "elon-musk-of-tweets-february-17-february-24-360-379",
    "event_slug": "elon-musk-of-tweets-february-17-february-24",
    "token_id": "186436695565261968640173870702866149344166545696364611020708424741316528776",
    "outcome": "No",
    "side": "BUY",
    "price": 0.001,
    "size": 1000,
    "transaction_hash": "0x8843dd07a29e5acff3d1aff6f31a75e6b67a47edd7ee3611334fe6c751605ee5",
    "condition_id": "0x01dd8795176ff3add669f0c5be2bbba86ef480fe25ce165ba1bda063d91304f3",
    "bracket_low": 360,
    "bracket_high": 379
  },
  {
    "timestamp": 1771956278,
    "market_slug": "elon-musk-of-tweets-february-17-february-24-360-379",
    "event_slug": "elon-musk-of-tweets-february-17-february-24",
    "token_id": "11625569375658944758939960718524757223156171762969588988339287460913701524327",
    "outcome": "Yes",
    "side": "SELL",
    "price": 0.999,
    "size": 425.01,
    "transaction_hash": "0xf27235c395ff46a209c2b713499ffcab9705da6c5be7c85e2a9a9f4eecafe577",
    "condition_id": "0x01dd8795176ff3add669f0c5be2bbba86ef480fe25ce165ba1bda063d91304f3",
    "bracket_low": 360,
    "bracket_high": 379
  },
  {
    "timestamp": 1771956182,
    "market_slug": "elon-musk-of-tweets-february-17-february-24-340-359",
    "event_slug": "elon-musk-of-tweets-february-17-february-24",
    "token_id": "65069870518600475601396549635229976779808816947881001563866140459976627124388",
    "outcome": "No",
    "side": "SELL",
    "price": 0.999,
    "size": 625.99,
    "transaction_hash": "0xadb2156efcaf8030efeb6cc701125c6bb0c52f5f8ec727030e7fca9860821241",
    "condition_id": "0x96aba876fd78029e7dc00382d77cd0092b6c415ea0a8a1ca7cff5919eac0551b",
    "bracket_low": 340,
    "bracket_high": 359
  },
  {
    "timestamp": 1771955944,
    "market_slug": "elon-musk-of-tweets-february-17-february-24-340-359",
    "event_slug": "elon-musk-of-tweets-february-17-february-24",
    "token_id": "65069870518600475601396549635229976779808816947881001563866140459976627124388",
    "outcome": "No",
    "side": "SELL",
    "price": 0.999,
    "size": 11.55,
    "transaction_hash": "0x6aca57ab79045c851e9bf6b41bf09224470ec332ab8cd1421a9fef254e90dbde",
    "condition_id": "0x96aba876fd78029e7dc00382d77cd0092b6c415ea0a8a1ca7cff5919eac0551b",
    "bracket_low": 340,
    "bracket_high": 359
  },
  {
    "timestamp": 1771955918,
    "market_slug": "elon-musk-of-tweets-february-17-february-24-360-379",
    "event_slug": "elon-musk-of-tweets-february-17-february-24",
    "token_id": "11625569375658944758939960718524757223156171762969588988339287460913701524327",
    "outcome": "Yes",
    "side": "SELL",
    "price": 0.999,
    "size": 100,
    "transaction_hash": "0xb694bb53c1959ddc903ace8b48d3ec2707fd314d9aed6675d3f89b150e8232b3",
    "condition_id": "0x01dd8795176ff3add669f0c5be2bbba86ef480fe25ce165ba1bda063d91304f3",
    "bracket_low": 360,
    "bracket_high": 379
  },
  {
    "timestamp": 1771955848,
    "market_slug": "elon-musk-of-tweets-february-17-february-24-360-379",
    "event_slug": "elon-musk-of-tweets-february-17-february-24",
    "token_id": "11625569375658944758939960718524757223156171762969588988339287460913701524327",
    "outcome": "Yes",
    "side": "SELL",
    "price": 0.999,
    "size": 18.45,
    "transaction_hash": "0x5c85857ea64d36ddc7417a93a21bd1340cb9fee73a6d6d6b7033f6f82e4e85ca",
    "condition_id": "0x01dd8795176ff3add669f0c5be2bbba86ef480fe25ce165ba1bda063d91304f3",
    "bracket_low": 360,
    "bracket_high": 379
  },
  {
    "timestamp": 1771955748,
    "market_slug": "elon-musk-of-tweets-february-17-february-24-360-379",
    "event_slug": "elon-musk-of-tweets-february-17-february-24",
    "token_id": "11625569375658944758939960718524757223156171762969588988339287460913701524327",
    "outcome": "Yes",
    "side": "SELL",
    "price": 0.999,
    "size": 10.2,
    "transaction_hash": "0x19809ecd88cbb5fec5a1035a1b77b927b17ce45956a7db63051befcf35ec8777",
    "condition_id": "0x01dd8795176ff3add669f0c5be2bbba86ef480fe25ce165ba1bda063d91304f3",
    "bracket_low": 360,
    "bracket_high": 379
  },
  {
    "timestamp": 1771955654,
    "market_slug": "elon-musk-of-tweets-february-17-february-24-360-379",
    "event_slug": "elon-musk-of-tweets-february-17-february-24",
    "token_id": "11625569375658944758939960718524757223156171762969588988339287460913701524327",
    "outcome": "Yes",
    "side": "SELL",
    "price": 0.999,
    "size": 28.57,
    "transaction_hash": "0x4405111ef7e7287909107b31cd2865d9a8d23183b36447c9c459dfc1bb61ea35",
    "condition_id": "0x01dd8795176ff3add669f0c5be2bbba86ef480fe25ce165ba1bda063d91304f3",
    "bracket_low": 360,
    "bracket_high": 379
  },
  {
    "timestamp": 1771955550,
    "market_slug": "elon-musk-of-tweets-february-17-february-24-340-359",
    "event_slug": "elon-musk-of-tweets-february-17-february-24",
    "token_id": "65069870518600475601396549635229976779808816947881001563866140459976627124388",
    "outcome": "No",
    "side": "SELL",
    "price": 0.999,
    "size": 6.12,
    "transaction_hash": "0xa8a426161035e4c57c2e46a13acb9b90d9f385368d893b9dcb9c9eda7362c5fc",
    "condition_id": "0x96aba876fd78029e7dc00382d77cd0092b6c415ea0a8a1ca7cff5919eac0551b",
    "bracket_low": 340,
    "bracket_high": 359
  },
  {
    "timestamp": 1771955434,
    "market_slug": "elon-musk-of-tweets-february-17-february-24-340-359",
    "event_slug": "elon-musk-of-tweets-february-17-february-24",
    "token_id": "65069870518600475601396549635229976779808816947881001563866140459976627124388",
    "outcome": "No",
    "side": "SELL",
    "price": 0.999,
    "size": 0.1,
    "transaction_hash": "0xb72b2de31f3ed39efee08d563702af43b70a225af4948eeecd388844db6ffbd9",
    "condition_id": "0x96aba876fd78029e7dc00382d77cd0092b6c415ea0a8a1ca7cff5919eac0551b",
    "bracket_low": 340,
    "bracket_high": 359
  },
  {
    "timestamp": 1771955380,
    "market_slug": "elon-musk-of-tweets-february-17-february-24-420-439",
    "event_slug": "elon-musk-of-tweets-february-17-february-24",
    "token_id": "65408196619148395900157103075348925226408413950171264930776418554176377044666",
    "outcome": "No",
    "side": "SELL",
    "price": 0.999,
    "size": 250.76,
    "transaction_hash": "0x1e87d6fd67a738ced50893572b3c2380f555c0d088ecff632d0a65e88878396f",
    "condition_id": "0x97e1ae8befc8632f845726b15ff41f966667261b8ac83f2732e5b7326713882f",
    "bracket_low": 420,
    "bracket_high": 439
  },
  {
    "timestamp": 1771955340,
    "market_slug": "elon-musk-of-tweets-february-17-february-24-380-399",
    "event_slug": "elon-musk-of-tweets-february-17-february-24",
    "token_id": "106214838748464318306908845186924711364109977221733477294681400956129457480380",
    "outcome": "No",
    "side": "SELL",
    "price": 0.999,
    "size": 128.06,
    "transaction_hash": "0xc0c6d49614b7335ff3c08e6a6176d47f4c3d51e471e2090f307d95824466d4c5",
    "condition_id": "0xb99884b3f3cc333e3951aa35c4969cf5f5ac0a550a84bf07f6389d66010e30b2",
    "bracket_low": 380,
    "bracket_high": 399
  },
  {
    "timestamp": 1771955272,
    "market_slug": "elon-musk-of-tweets-february-17-february-24-360-379",
    "event_slug": "elon-musk-of-tweets-february-17-february-24",
    "token_id": "11625569375658944758939960718524757223156171762969588988339287460913701524327",
    "outcome": "Yes",
    "side": "SELL",
    "price": 0.999,
    "size": 6.6,
    "transaction_hash": "0xfef2273c4f65081b5f8fe4fae8622ca6400340d18b1ceb4987f4685310ee01c7",
    "condition_id": "0x01dd8795176ff3add669f0c5be2bbba86ef480fe25ce165ba1bda063d91304f3",
    "bracket_low": 360,
    "bracket_high": 379
  },
  {
    "timestamp": 1771955176,
    "market_slug": "elon-musk-of-tweets-february-17-february-24-400-419",
    "event_slug": "elon-musk-of-tweets-february-17-february-24",
    "token_id": "27960314477560944451110220326096972547051572539754910347820999869419629088907",
    "outcome": "No",
    "side": "SELL",
    "price": 0.999,
    "size": 131.37,
    "transaction_hash": "0xd60b1e7c041a5cea4357149fc87d466df13eb4a846951474af7da89b7af291b2",
    "condition_id": "0x3e73cc5be5299d0d78b7bdfae2c9384c893cbe24f6aec9ff40750b3ff6b2ae08",
    "bracket_low": 400,
    "bracket_high": 419
  },
  {
    "timestamp": 1771955172,
    "market_slug": "elon-musk-of-tweets-february-17-february-24-400-419",
    "event_slug": "elon-musk-of-tweets-february-17-february-24",
    "token_id": "27960314477560944451110220326096972547051572539754910347820999869419629088907",
    "outcome": "No",
    "side": "SELL",
    "price": 0.999,
    "size": 251.76,
    "transaction_hash": "0xdc8c1d0dd7eb78df3a506b4ffbb2ad4f43b2e0c1d42ce5007f147c6b5c616cd6",
    "condition_id": "0x3e73cc5be5299d0d78b7bdfae2c9384c893cbe24f6aec9ff40750b3ff6b2ae08",
    "bracket_low": 400,
    "bracket_high": 419
  },
  {
    "timestamp": 1771955100,
    "market_slug": "elon-musk-of-tweets-february-17-february-24-360-379",
    "event_slug": "elon-musk-of-tweets-february-17-february-24",
    "token_id": "11625569375658944758939960718524757223156171762969588988339287460913701524327",
    "outcome": "Yes",
    "side": "SELL",
    "price": 0.999,
    "size": 130,
    "transaction_hash": "0x7cc75c6556caa7e666b2b277d43448cacdc2c01a0fc54c78667d596fe868981f",
    "condition_id": "0x01dd8795176ff3add669f0c5be2bbba86ef480fe25ce165ba1bda063d91304f3",
    "bracket_low": 360,
    "bracket_high": 379
  },
  {
    "timestamp": 1771955080,
    "market_slug": "elon-musk-of-tweets-february-17-february-24-360-379",
    "event_slug": "elon-musk-of-tweets-february-17-february-24",
    "token_id": "11625569375658944758939960718524757223156171762969588988339287460913701524327",
    "outcome": "Yes",
    "side": "SELL",
    "price": 0.999,
    "size": 8.64,
    "transaction_hash": "0x5fb71e4ff2f60e4114bf55c7a8a2b807863d2d14575715332c31812feeae809b",
    "condition_id": "0x01dd8795176ff3add669f0c5be2bbba86ef480fe25ce165ba1bda063d91304f3",
    "bracket_low": 360,
    "bracket_high": 379
  },
  {
    "timestamp": 1771955062,
    "market_slug": "elon-musk-of-tweets-february-17-february-24-360-379",
    "event_slug": "elon-musk-of-tweets-february-17-february-24",
    "token_id": "11625569375658944758939960718524757223156171762969588988339287460913701524327",
    "outcome": "Yes",
    "side": "SELL",
    "price": 0.999,
    "size": 109.77,
    "transaction_hash": "0x5b97543da8145f2fe19e3ca0c06284b4dea1a3e4284ad2e5779dff82aad70277",
    "condition_id": "0x01dd8795176ff3add669f0c5be2bbba86ef480fe25ce165ba1bda063d91304f3",
    "bracket_low": 360,
    "bracket_high": 379
  },
  {
    "timestamp": 1771955000,
    "market_slug": "elon-musk-of-tweets-february-17-february-24-340-359",
    "event_slug": "elon-musk-of-tweets-february-17-february-24",
    "token_id": "65069870518600475601396549635229976779808816947881001563866140459976627124388",
    "outcome": "No",
    "side": "SELL",
    "price": 0.999,
    "size": 106.52,
    "transaction_hash": "0xc4c5d3ee4aa39aee6a6188c58270bce21daf21b5464743c69714ebe585423c54",
    "condition_id": "0x96aba876fd78029e7dc00382d77cd0092b6c415ea0a8a1ca7cff5919eac0551b",
    "bracket_low": 340,
    "bracket_high": 359
  },
  {
    "timestamp": 1771954918,
    "market_slug": "elon-musk-of-tweets-february-17-february-24-380-399",
    "event_slug": "elon-musk-of-tweets-february-17-february-24",
    "token_id": "106214838748464318306908845186924711364109977221733477294681400956129457480380",
    "outcome": "No",
    "side": "SELL",
    "price": 0.999,
    "size": 17,
    "transaction_hash": "0xf4d8973333bcae252f7692dde0d55cef931ed1995a3978eaa2923d9a3487fbb2",
    "condition_id": "0xb99884b3f3cc333e3951aa35c4969cf5f5ac0a550a84bf07f6389d66010e30b2",
    "bracket_low": 380,
    "bracket_high": 399
  },
  {
    "timestamp": 1771954860,
    "market_slug": "elon-musk-of-tweets-february-17-february-24-380-399",
    "event_slug": "elon-musk-of-tweets-february-17-february-24",
    "token_id": "106214838748464318306908845186924711364109977221733477294681400956129457480380",
    "outcome": "No",
    "side": "SELL",
    "price": 0.999,
    "size": 125.25,
    "transaction_hash": "0x67794206ce394b7928222c95d6b5951ab1b4fd28ea3914341a170a3e74a2db42",
    "condition_id": "0xb99884b3f3cc333e3951aa35c4969cf5f5ac0a550a84bf07f6389d66010e30b2",
    "bracket_low": 380,
    "bracket_high": 399
  },
  {
    "timestamp": 1771954858,
    "market_slug": "elon-musk-of-tweets-february-17-february-24-380-399",
    "event_slug": "elon-musk-of-tweets-february-17-february-24",
    "token_id": "106214838748464318306908845186924711364109977221733477294681400956129457480380",
    "outcome": "No",
    "side": "SELL",
    "price": 0.999,
    "size": 125.25,
    "transaction_hash": "0xb74a4352f4b0e9ac90893b21279584a4e270f3158a904d430429e88a4da2d102",
    "condition_id": "0xb99884b3f3cc333e3951aa35c4969cf5f5ac0a550a84bf07f6389d66010e30b2",
    "bracket_low": 380,
    "bracket_high": 399
  },
  {
    "timestamp": 1771954842,
    "market_slug": "elon-musk-of-tweets-february-17-february-24-420-439",
    "event_slug": "elon-musk-of-tweets-february-17-february-24",
    "token_id": "65408196619148395900157103075348925226408413950171264930776418554176377044666",
    "outcome": "No",
    "side": "SELL",
    "price": 0.999,
    "size": 376.14,
    "transaction_hash": "0xe7b996f6b98ce6f4b4cdda0459d778a830daab5cc7deb16613a79e3646fe54a9",
    "condition_id": "0x97e1ae8befc8632f845726b15ff41f966667261b8ac83f2732e5b7326713882f",
    "bracket_low": 420,
    "bracket_high": 439
  },
  {
    "timestamp": 1771954818,
    "market_slug": "elon-musk-of-tweets-february-17-february-24-400-419",
    "event_slug": "elon-musk-of-tweets-february-17-february-24",
    "token_id": "27960314477560944451110220326096972547051572539754910347820999869419629088907",
    "outcome": "No",
    "side": "SELL",
    "price": 0.999,
    "size": 377.64,
    "transaction_hash": "0x198e0807d40ecd9097d1d068c522d66084824bf12a34ee3a2299ece94390072a",
    "condition_id": "0x3e73cc5be5299d0d78b7bdfae2c9384c893cbe24f6aec9ff40750b3ff6b2ae08",
    "bracket_low": 400,
    "bracket_high": 419
  },
  {
    "timestamp": 1771954816,
    "market_slug": "elon-musk-of-tweets-february-17-february-24-400-419",
    "event_slug": "elon-musk-of-tweets-february-17-february-24",
    "token_id": "27960314477560944451110220326096972547051572539754910347820999869419629088907",
    "outcome": "No",
    "side": "SELL",
    "price": 0.999,
    "size": 251.64,
    "transaction_hash": "0xa22c7ef7c0c775753c38644cec60798a1f7ce87dcf6ce51869ccb98090b45d9d",
    "condition_id": "0x3e73cc5be5299d0d78b7bdfae2c9384c893cbe24f6aec9ff40750b3ff6b2ae08",
    "bracket_low": 400,
    "bracket_high": 419
  },
  {
    "timestamp": 1771954762,
    "market_slug": "elon-musk-of-tweets-february-17-february-24-400-419",
    "event_slug": "elon-musk-of-tweets-february-17-february-24",
    "token_id": "27960314477560944451110220326096972547051572539754910347820999869419629088907",
    "outcome": "No",
    "side": "SELL",
    "price": 0.999,
    "size": 20.11,
    "transaction_hash": "0xe46cf0c622d317c4d02b4de3585505df7c41121643e3078b57751122d060f272",
    "condition_id": "0x3e73cc5be5299d0d78b7bdfae2c9384c893cbe24f6aec9ff40750b3ff6b2ae08",
    "bracket_low": 400,
    "bracket_high": 419
  },
  {
    "timestamp": 1771954760,
    "market_slug": "elon-musk-of-tweets-february-17-february-24-380-399",
    "event_slug": "elon-musk-of-tweets-february-17-february-24",
    "token_id": "106214838748464318306908845186924711364109977221733477294681400956129457480380",
    "outcome": "No",
    "side": "SELL",
    "price": 0.999,
    "size": 521.06,
    "transaction_hash": "0xc1a86542030fc2a652b55f20ed55c40bea679590548ccc530a45bdb70e6b61f1",
    "condition_id": "0xb99884b3f3cc333e3951aa35c4969cf5f5ac0a550a84bf07f6389d66010e30b2",
    "bracket_low": 380,
    "bracket_high": 399
  },
  {
    "timestamp": 1771954610,
    "market_slug": "elon-musk-of-tweets-february-17-february-24-340-359",
    "event_slug": "elon-musk-of-tweets-february-17-february-24",
    "token_id": "65069870518600475601396549635229976779808816947881001563866140459976627124388",
    "outcome": "No",
    "side": "SELL",
    "price": 0.999,
    "size": 2.04,
    "transaction_hash": "0xfb9147a6b206eda3dccfce84ab58d1a3537fd01e9c2f4f61137daf210eb42858",
    "condition_id": "0x96aba876fd78029e7dc00382d77cd0092b6c415ea0a8a1ca7cff5919eac0551b",
    "bracket_low": 340,
    "bracket_high": 359
  },
  {
    "timestamp": 1771954594,
    "market_slug": "elon-musk-of-tweets-february-17-february-24-400-419",
    "event_slug": "elon-musk-of-tweets-february-17-february-24",
    "token_id": "27960314477560944451110220326096972547051572539754910347820999869419629088907",
    "outcome": "No",
    "side": "SELL",
    "price": 0.999,
    "size": 70,
    "transaction_hash": "0x0ea617293d79631afb87a3801be10e6cfb3f4be1243d64f1285ee8d9c7cc76f3",
    "condition_id": "0x3e73cc5be5299d0d78b7bdfae2c9384c893cbe24f6aec9ff40750b3ff6b2ae08",
    "bracket_low": 400,
    "bracket_high": 419
  },
  {
    "timestamp": 1771954578,
    "market_slug": "elon-musk-of-tweets-february-17-february-24-360-379",
    "event_slug": "elon-musk-of-tweets-february-17-february-24",
    "token_id": "11625569375658944758939960718524757223156171762969588988339287460913701524327",
    "outcome": "Yes",
    "side": "SELL",
    "price": 0.999,
    "size": 515.35,
    "transaction_hash": "0xd86afdf11253d47e452c3cfbee1fdaf60ded561e44ef20959addcd85f3b22411",
    "condition_id": "0x01dd8795176ff3add669f0c5be2bbba86ef480fe25ce165ba1bda063d91304f3",
    "bracket_low": 360,
    "bracket_high": 379
  },
  {
    "timestamp": 1771954524,
    "market_slug": "elon-musk-of-tweets-february-17-february-24-360-379",
    "event_slug": "elon-musk-of-tweets-february-17-february-24",
    "token_id": "11625569375658944758939960718524757223156171762969588988339287460913701524327",
    "outcome": "Yes",
    "side": "SELL",
    "price": 0.999,
    "size": 161.29,
    "transaction_hash": "0x66266d6e2b4d8a608539022843ef9b412c4a13ac61b0653830db594d1c3ff16f",
    "condition_id": "0x01dd8795176ff3add669f0c5be2bbba86ef480fe25ce165ba1bda063d91304f3",
    "bracket_low": 360,
    "bracket_high": 379
  },
  {
    "timestamp": 1771954488,
    "market_slug": "elon-musk-of-tweets-february-17-february-24-360-379",
    "event_slug": "elon-musk-of-tweets-february-17-february-24",
    "token_id": "11625569375658944758939960718524757223156171762969588988339287460913701524327",
    "outcome": "Yes",
    "side": "SELL",
    "price": 0.999,
    "size": 319.99,
    "transaction_hash": "0xb90cb32e06eb47eedb21051a74ef2b8899b4365d48f5bf6d16b5c6bce201e8e9",
    "condition_id": "0x01dd8795176ff3add669f0c5be2bbba86ef480fe25ce165ba1bda063d91304f3",
    "bracket_low": 360,
    "bracket_high": 379
  },
  {
    "timestamp": 1771954484,
    "market_slug": "elon-musk-of-tweets-february-17-february-24-360-379",
    "event_slug": "elon-musk-of-tweets-february-17-february-24",
    "token_id": "11625569375658944758939960718524757223156171762969588988339287460913701524327",
    "outcome": "Yes",
    "side": "SELL",
    "price": 0.999,
    "size": 6.75,
    "transaction_hash": "0x0402715feb4b3cf01e043c52ccd5d12693c0ce4ae1e6d1f1585c93b9a8ee9698",
    "condition_id": "0x01dd8795176ff3add669f0c5be2bbba86ef480fe25ce165ba1bda063d91304f3",
    "bracket_low": 360,
    "bracket_high": 379
  },
  {
    "timestamp": 1771954454,
    "market_slug": "elon-musk-of-tweets-february-17-february-24-360-379",
    "event_slug": "elon-musk-of-tweets-february-17-february-24",
    "token_id": "11625569375658944758939960718524757223156171762969588988339287460913701524327",
    "outcome": "Yes",
    "side": "SELL",
    "price": 0.999,
    "size": 1.88,
    "transaction_hash": "0x6f402354487ee6be9d8f8fa6e16962cb0c2a4fb888694671ef1477f25479566f",
    "condition_id": "0x01dd8795176ff3add669f0c5be2bbba86ef480fe25ce165ba1bda063d91304f3",
    "bracket_low": 360,
    "bracket_high": 379
  },
  {
    "timestamp": 1771954420,
    "market_slug": "elon-musk-of-tweets-february-17-february-24-360-379",
    "event_slug": "elon-musk-of-tweets-february-17-february-24",
    "token_id": "11625569375658944758939960718524757223156171762969588988339287460913701524327",
    "outcome": "Yes",
    "side": "SELL",
    "price": 0.999,
    "size": 30,
    "transaction_hash": "0x4024e7933a7856030f2a83856eb11b0c32c46acf3958682f1bc3b71d643e8702",
    "condition_id": "0x01dd8795176ff3add669f0c5be2bbba86ef480fe25ce165ba1bda063d91304f3",
    "bracket_low": 360,
    "bracket_high": 379
  },
  {
    "timestamp": 1771954296,
    "market_slug": "elon-musk-of-tweets-february-17-february-24-360-379",
    "event_slug": "elon-musk-of-tweets-february-17-february-24",
    "token_id": "11625569375658944758939960718524757223156171762969588988339287460913701524327",
    "outcome": "Yes",
    "side": "SELL",
    "price": 0.999,
    "size": 4.66,
    "transaction_hash": "0x20b9a650ac250752a73a850166211c3e745e9281b7f7c0c77cfeb570032428ab",
    "condition_id": "0x01dd8795176ff3add669f0c5be2bbba86ef480fe25ce165ba1bda063d91304f3",
    "bracket_low": 360,
    "bracket_high": 379
  },
  {
    "timestamp": 1771954194,
    "market_slug": "elon-musk-of-tweets-february-17-february-24-360-379",
    "event_slug": "elon-musk-of-tweets-february-17-february-24",
    "token_id": "11625569375658944758939960718524757223156171762969588988339287460913701524327",
    "outcome": "Yes",
    "side": "SELL",
    "price": 0.999,
    "size": 7.5,
    "transaction_hash": "0xfdf1557ce3efb5344d0f2647c26f3678fae46d60948e5da49e488f86a18d4bac",
    "condition_id": "0x01dd8795176ff3add669f0c5be2bbba86ef480fe25ce165ba1bda063d91304f3",
    "bracket_low": 360,
    "bracket_high": 379
  },
  {
    "timestamp": 1771954150,
    "market_slug": "elon-musk-of-tweets-february-17-february-24-360-379",
    "event_slug": "elon-musk-of-tweets-february-17-february-24",
    "token_id": "11625569375658944758939960718524757223156171762969588988339287460913701524327",
    "outcome": "Yes",
    "side": "SELL",
    "price": 0.999,
    "size": 428.06,
    "transaction_hash": "0xe49d6e5b10852c54ae8d0f9f20226cef6bf6eb9841b7ed4dd509ae32f962a30b",
    "condition_id": "0x01dd8795176ff3add669f0c5be2bbba86ef480fe25ce165ba1bda063d91304f3",
    "bracket_low": 360,
    "bracket_high": 379
  },
  {
    "timestamp": 1771954092,
    "market_slug": "elon-musk-of-tweets-february-17-february-24-340-359",
    "event_slug": "elon-musk-of-tweets-february-17-february-24",
    "token_id": "65069870518600475601396549635229976779808816947881001563866140459976627124388",
    "outcome": "No",
    "side": "SELL",
    "price": 0.999,
    "size": 7.69,
    "transaction_hash": "0x7fc2eb9643cd918a67c79fd490ff3d518703f1c8a0d9ba84f2d91935041386d9",
    "condition_id": "0x96aba876fd78029e7dc00382d77cd0092b6c415ea0a8a1ca7cff5919eac0551b",
    "bracket_low": 340,
    "bracket_high": 359
  },
  {
    "timestamp": 1771954084,
    "market_slug": "elon-musk-of-tweets-february-17-february-24-360-379",
    "event_slug": "elon-musk-of-tweets-february-17-february-24",
    "token_id": "11625569375658944758939960718524757223156171762969588988339287460913701524327",
    "outcome": "Yes",
    "side": "SELL",
    "price": 0.999,
    "size": 8.33,
    "transaction_hash": "0x9587d8488b08d963c6b97894fcb7ecc135876d3d050800a55ecff74c29b89f7d",
    "condition_id": "0x01dd8795176ff3add669f0c5be2bbba86ef480fe25ce165ba1bda063d91304f3",
    "bracket_low": 360,
    "bracket_high": 379
  },
  {
    "timestamp": 1771954052,
    "market_slug": "elon-musk-of-tweets-february-17-february-24-340-359",
    "event_slug": "elon-musk-of-tweets-february-17-february-24",
    "token_id": "65069870518600475601396549635229976779808816947881001563866140459976627124388",
    "outcome": "No",
    "side": "SELL",
    "price": 0.999,
    "size": 49.98,
    "transaction_hash": "0x2d60433711742d714ae85ece65580ccb9862c82f86a3b8fe7aa51b6faf00da89",
    "condition_id": "0x96aba876fd78029e7dc00382d77cd0092b6c415ea0a8a1ca7cff5919eac0551b",
    "bracket_low": 340,
    "bracket_high": 359
  },
  {
    "timestamp": 1771954048,
    "market_slug": "elon-musk-of-tweets-february-17-february-24-400-419",
    "event_slug": "elon-musk-of-tweets-february-17-february-24",
    "token_id": "27960314477560944451110220326096972547051572539754910347820999869419629088907",
    "outcome": "No",
    "side": "SELL",
    "price": 0.999,
    "size": 609.94,
    "transaction_hash": "0x93cb3fcf887cb3f24e273ca8eb2f45ff0fa937d7fea48e7ae04ea58bf318cfd5",
    "condition_id": "0x3e73cc5be5299d0d78b7bdfae2c9384c893cbe24f6aec9ff40750b3ff6b2ae08",
    "bracket_low": 400,
    "bracket_high": 419
  },
  {
    "timestamp": 1771954006,
    "market_slug": "elon-musk-of-tweets-february-17-february-24-360-379",
    "event_slug": "elon-musk-of-tweets-february-17-february-24",
    "token_id": "11625569375658944758939960718524757223156171762969588988339287460913701524327",
    "outcome": "Yes",
    "side": "SELL",
    "price": 0.999,
    "size": 6.5,
    "transaction_hash": "0x6c0eb241992518c18b6846fae75b3b204286caa8650d0ae8dbd6ab9be9fd6b2f",
    "condition_id": "0x01dd8795176ff3add669f0c5be2bbba86ef480fe25ce165ba1bda063d91304f3",
    "bracket_low": 360,
    "bracket_high": 379
  },
  {
    "timestamp": 1771953818,
    "market_slug": "elon-musk-of-tweets-february-17-february-24-360-379",
    "event_slug": "elon-musk-of-tweets-february-17-february-24",
    "token_id": "11625569375658944758939960718524757223156171762969588988339287460913701524327",
    "outcome": "Yes",
    "side": "SELL",
    "price": 0.999,
    "size": 7.06,
    "transaction_hash": "0x160062c82aa97463c0c2fcc8840b8ee906edb09d874b57570f3f0f522dff4097",
    "condition_id": "0x01dd8795176ff3add669f0c5be2bbba86ef480fe25ce165ba1bda063d91304f3",
    "bracket_low": 360,
    "bracket_high": 379
  },
  {
    "timestamp": 1771953806,
    "market_slug": "elon-musk-of-tweets-february-17-february-24-360-379",
    "event_slug": "elon-musk-of-tweets-february-17-february-24",
    "token_id": "11625569375658944758939960718524757223156171762969588988339287460913701524327",
    "outcome": "Yes",
    "side": "SELL",
    "price": 0.999,
    "size": 6.25,
    "transaction_hash": "0xcda48e505419df9e6d34b92fff4baa89ed63e68a204385fd56c0d08b99f82412",
    "condition_id": "0x01dd8795176ff3add669f0c5be2bbba86ef480fe25ce165ba1bda063d91304f3",
    "bracket_low": 360,
    "bracket_high": 379
  },
  {
    "timestamp": 1771953766,
    "market_slug": "elon-musk-of-tweets-february-17-february-24-420-439",
    "event_slug": "elon-musk-of-tweets-february-17-february-24",
    "token_id": "65408196619148395900157103075348925226408413950171264930776418554176377044666",
    "outcome": "No",
    "side": "SELL",
    "price": 0.999,
    "size": 200,
    "transaction_hash": "0x965738cc6c5d9a4d4e0ef523b2b1bfdb84d3ede601ed1cc84c9ac4084742950b",
    "condition_id": "0x97e1ae8befc8632f845726b15ff41f966667261b8ac83f2732e5b7326713882f",
    "bracket_low": 420,
    "bracket_high": 439
  },
  {
    "timestamp": 1771953758,
    "market_slug": "elon-musk-of-tweets-february-17-february-24-360-379",
    "event_slug": "elon-musk-of-tweets-february-17-february-24",
    "token_id": "11625569375658944758939960718524757223156171762969588988339287460913701524327",
    "outcome": "Yes",
    "side": "SELL",
    "price": 0.999,
    "size": 22.57,
    "transaction_hash": "0x8bf440927ecdac2d71c551f61020447e4dc7f50aa91c10c2b29dc7d610943da4",
    "condition_id": "0x01dd8795176ff3add669f0c5be2bbba86ef480fe25ce165ba1bda063d91304f3",
    "bracket_low": 360,
    "bracket_high": 379
  },
  {
    "timestamp": 1771953758,
    "market_slug": "elon-musk-of-tweets-february-17-february-24-400-419",
    "event_slug": "elon-musk-of-tweets-february-17-february-24",
    "token_id": "27960314477560944451110220326096972547051572539754910347820999869419629088907",
    "outcome": "No",
    "side": "SELL",
    "price": 0.999,
    "size": 200,
    "transaction_hash": "0x34b7bff0f51d4b6e160f6b903d5cadd7f3c6e191f100923fbd9451215704e56f",
    "condition_id": "0x3e73cc5be5299d0d78b7bdfae2c9384c893cbe24f6aec9ff40750b3ff6b2ae08",
    "bracket_low": 400,
    "bracket_high": 419
  },
  {
    "timestamp": 1771953732,
    "market_slug": "elon-musk-of-tweets-february-17-february-24-340-359",
    "event_slug": "elon-musk-of-tweets-february-17-february-24",
    "token_id": "65069870518600475601396549635229976779808816947881001563866140459976627124388",
    "outcome": "No",
    "side": "SELL",
    "price": 0.999,
    "size": 2568.86,
    "transaction_hash": "0x2f02b06d7d55f4f96b5de272b6b9e90ba62a7aaf3c33102f67c5e7d87f513919",
    "condition_id": "0x96aba876fd78029e7dc00382d77cd0092b6c415ea0a8a1ca7cff5919eac0551b",
    "bracket_low": 340,
    "bracket_high": 359
  },
  {
    "timestamp": 1771953640,
    "market_slug": "elon-musk-of-tweets-february-17-february-24-360-379",
    "event_slug": "elon-musk-of-tweets-february-17-february-24",
    "token_id": "11625569375658944758939960718524757223156171762969588988339287460913701524327",
    "outcome": "Yes",
    "side": "SELL",
    "price": 0.999,
    "size": 560.42,
    "transaction_hash": "0xffa8590a03887b3b7daadf9fb4fc72a98e56983e5632e13d7c8eaa7de21d39b3",
    "condition_id": "0x01dd8795176ff3add669f0c5be2bbba86ef480fe25ce165ba1bda063d91304f3",
    "bracket_low": 360,
    "bracket_high": 379
  },
  {
    "timestamp": 1771953640,
    "market_slug": "elon-musk-of-tweets-february-17-february-24-340-359",
    "event_slug": "elon-musk-of-tweets-february-17-february-24",
    "token_id": "65069870518600475601396549635229976779808816947881001563866140459976627124388",
    "outcome": "No",
    "side": "SELL",
    "price": 0.999,
    "size": 217.73,
    "transaction_hash": "0x1c3f5e13e133499fd7730212971f9c1bb1e8353a3512ce5e2745d93da71e936d",
    "condition_id": "0x96aba876fd78029e7dc00382d77cd0092b6c415ea0a8a1ca7cff5919eac0551b",
    "bracket_low": 340,
    "bracket_high": 359
  },
  {
    "timestamp": 1771953638,
    "market_slug": "elon-musk-of-tweets-february-17-february-24-360-379",
    "event_slug": "elon-musk-of-tweets-february-17-february-24",
    "token_id": "11625569375658944758939960718524757223156171762969588988339287460913701524327",
    "outcome": "Yes",
    "side": "SELL",
    "price": 0.999,
    "size": 4.34,
    "transaction_hash": "0x7e81525e634eff4f7e74128b825d8022e1f63f60dda94ffbe386a075e8909caf",
    "condition_id": "0x01dd8795176ff3add669f0c5be2bbba86ef480fe25ce165ba1bda063d91304f3",
    "bracket_low": 360,
    "bracket_high": 379
  },
  {
    "timestamp": 1771953584,
    "market_slug": "elon-musk-of-tweets-february-17-february-24-380-399",
    "event_slug": "elon-musk-of-tweets-february-17-february-24",
    "token_id": "20514581474220126032370418192542678522643426669916383209841813873174312670562",
    "outcome": "Yes",
    "side": "SELL",
    "price": 0.003,
    "size": 2.47,
    "transaction_hash": "0x55b0adfece39c08aedad9dfbfdb60b4752219bbb3f183a9fe60c889aa35d3332",
    "condition_id": "0xb99884b3f3cc333e3951aa35c4969cf5f5ac0a550a84bf07f6389d66010e30b2",
    "bracket_low": 380,
    "bracket_high": 399
  },
  {
    "timestamp": 1771953510,
    "market_slug": "elon-musk-of-tweets-february-17-february-24-360-379",
    "event_slug": "elon-musk-of-tweets-february-17-february-24",
    "token_id": "11625569375658944758939960718524757223156171762969588988339287460913701524327",
    "outcome": "Yes",
    "side": "SELL",
    "price": 0.999,
    "size": 80,
    "transaction_hash": "0x2a51204e927906037ee9d662930590fc57b6baed38930c9f83a70e232a49d7ad",
    "condition_id": "0x01dd8795176ff3add669f0c5be2bbba86ef480fe25ce165ba1bda063d91304f3",
    "bracket_low": 360,
    "bracket_high": 379
  },
  {
    "timestamp": 1771953434,
    "market_slug": "elon-musk-of-tweets-february-17-february-24-360-379",
    "event_slug": "elon-musk-of-tweets-february-17-february-24",
    "token_id": "11625569375658944758939960718524757223156171762969588988339287460913701524327",
    "outcome": "Yes",
    "side": "SELL",
    "price": 0.999,
    "size": 300,
    "transaction_hash": "0xb131e7a98567ed72b23975937c40891f484258d216deff19b72b71e807ef3ceb",
    "condition_id": "0x01dd8795176ff3add669f0c5be2bbba86ef480fe25ce165ba1bda063d91304f3",
    "bracket_low": 360,
    "bracket_high": 379
  },
  {
    "timestamp": 1771953416,
    "market_slug": "elon-musk-of-tweets-february-17-february-24-360-379",
    "event_slug": "elon-musk-of-tweets-february-17-february-24",
    "token_id": "11625569375658944758939960718524757223156171762969588988339287460913701524327",
    "outcome": "Yes",
    "side": "SELL",
    "price": 0.999,
    "size": 49.38,
    "transaction_hash": "0x8e8f17800fdcc5c023d92fd05dd728663e28aacecedcec0f771e34cae06b1508",
    "condition_id": "0x01dd8795176ff3add669f0c5be2bbba86ef480fe25ce165ba1bda063d91304f3",
    "bracket_low": 360,
    "bracket_high": 379
  },
  {
    "timestamp": 1771953384,
    "market_slug": "elon-musk-of-tweets-february-17-february-24-340-359",
    "event_slug": "elon-musk-of-tweets-february-17-february-24",
    "token_id": "65069870518600475601396549635229976779808816947881001563866140459976627124388",
    "outcome": "No",
    "side": "SELL",
    "price": 0.999,
    "size": 8.76,
    "transaction_hash": "0x586aa2bb9e6eaafc53961ad1a57d9b2c938589b318321148ab5b24903382d724",
    "condition_id": "0x96aba876fd78029e7dc00382d77cd0092b6c415ea0a8a1ca7cff5919eac0551b",
    "bracket_low": 340,
    "bracket_high": 359
  },
  {
    "timestamp": 1771953310,
    "market_slug": "elon-musk-of-tweets-february-17-february-24-360-379",
    "event_slug": "elon-musk-of-tweets-february-17-february-24",
    "token_id": "11625569375658944758939960718524757223156171762969588988339287460913701524327",
    "outcome": "Yes",
    "side": "SELL",
    "price": 0.999,
    "size": 19,
    "transaction_hash": "0xadf6ce445d6833d948b72f4f3574e3b648bd878aad3a63cc840ebdc30d60b81c",
    "condition_id": "0x01dd8795176ff3add669f0c5be2bbba86ef480fe25ce165ba1bda063d91304f3",
    "bracket_low": 360,
    "bracket_high": 379
  },
  {
    "timestamp": 1771953302,
    "market_slug": "elon-musk-of-tweets-february-17-february-24-360-379",
    "event_slug": "elon-musk-of-tweets-february-17-february-24",
    "token_id": "11625569375658944758939960718524757223156171762969588988339287460913701524327",
    "outcome": "Yes",
    "side": "SELL",
    "price": 0.999,
    "size": 100,
    "transaction_hash": "0x234f08ef5cecc17d6919fa1dc9425021abcd70fb7972353d6ab74a53f419af1f",
    "condition_id": "0x01dd8795176ff3add669f0c5be2bbba86ef480fe25ce165ba1bda063d91304f3",
    "bracket_low": 360,
    "bracket_high": 379
  },
  {
    "timestamp": 1771953258,
    "market_slug": "elon-musk-of-tweets-february-17-february-24-340-359",
    "event_slug": "elon-musk-of-tweets-february-17-february-24",
    "token_id": "65069870518600475601396549635229976779808816947881001563866140459976627124388",
    "outcome": "No",
    "side": "SELL",
    "price": 0.999,
    "size": 4.44,
