[
  {
    "timestamp": 1772225703,
    "market_slug": "elon-musk-of-tweets-february-20-february-27-300-319",
    "event_slug": "elon-musk-of-tweets-february-20-february-27",
    "token_id": "47036434198469552468789848098074459913764484580427930722015939868478403944958",
    "outcome": "Yes",
    "side": "SELL",
    "price": 0.999,
    "size": 5.26,
    "transaction_hash": "0x2c99c74eb72713cb429ea4a315422fd225317ea2e5ea8ac86de14f4f69799ea8",
    "condition_id": "0xe4c65268d62785ca4d4d76da6f17a1386e228eb8997de3a69471258a5457da13",
    "bracket_low": 300,
    "bracket_high": 319
  },
  {
    "timestamp": 1772225601,
    "market_slug": "elon-musk-of-tweets-february-20-february-27-300-319",
    "event_slug": "elon-musk-of-tweets-february-20-february-27",
    "token_id": "47036434198469552468789848098074459913764484580427930722015939868478403944958",
    "outcome": "Yes",
    "side": "SELL",
    "price": 0.999,
    "size": 12.5,
    "transaction_hash": "0xc816cbee41c4a188df4a9f3170b8312d074042d6ea5865275a4117ab1a350de1",
    "condition_id": "0xe4c65268d62785ca4d4d76da6f17a1386e228eb8997de3a69471258a5457da13",
    "bracket_low": 300,
    "bracket_high": 319
  },
  {
    "timestamp": 1772225449,
    "market_slug": "elon-musk-of-tweets-february-20-february-27-340-359",
    "event_slug": "elon-musk-of-tweets-february-20-february-27",
    "token_id": "48825579392899667470383818429630547828358514510726283995073023734099565235083",
    "outcome": "Yes",
    "side": "BUY",
    "price": 0.001,
    "size": 3,
    "transaction_hash": "0x9202608337dcb47605161e652ce4cf84bd23466f4f04372d51c8b3e1f8021293",
    "condition_id": "0xcfccc88efab064a1d0f7f106d410bdcbcd3bd39598d1a123acea420a790c5b94",
    "bracket_low": 340,
    "bracket_high": 359
  },
  {
    "timestamp": 1772225389,
    "market_slug": "elon-musk-of-tweets-february-20-february-27-340-359",
    "event_slug": "elon-musk-of-tweets-february-20-february-27",
    "token_id": "48825579392899667470383818429630547828358514510726283995073023734099565235083",
    "outcome": "Yes",
    "side": "BUY",
    "price": 0.001,
    "size": 3,
    "transaction_hash": "0xa0c60f0592a5af0587357ce0b9eee5cb9903f6e932f34099949e01cd406fe89d",
    "condition_id": "0xcfccc88efab064a1d0f7f106d410bdcbcd3bd39598d1a123acea420a790c5b94",
    "bracket_low": 340,
    "bracket_high": 359
  },
  {
    "timestamp": 1772225325,
    "market_slug": "elon-musk-of-tweets-february-20-february-27-340-359",
    "event_slug": "elon-musk-of-tweets-february-20-february-27",
    "token_id": "48825579392899667470383818429630547828358514510726283995073023734099565235083",
    "outcome": "Yes",
    "side": "BUY",
    "price": 0.001,
    "size": 3,
    "transaction_hash": "0x74a73d952695184767dcb96cf01262d5d69d13525c50e9787533e58e6439f06a",
    "condition_id": "0xcfccc88efab064a1d0f7f106d410bdcbcd3bd39598d1a123acea420a790c5b94",
    "bracket_low": 340,
    "bracket_high": 359
  },
  {
    "timestamp": 1772225267,
    "market_slug": "elon-musk-of-tweets-february-20-february-27-340-359",
    "event_slug": "elon-musk-of-tweets-february-20-february-27",
    "token_id": "48825579392899667470383818429630547828358514510726283995073023734099565235083",
    "outcome": "Yes",
    "side": "BUY",
    "price": 0.001,
    "size": 3,
    "transaction_hash": "0x8711146fb11a214fef3e1e6a8788847549d9e391e272d23089e1d48381086226",
    "condition_id": "0xcfccc88efab064a1d0f7f106d410bdcbcd3bd39598d1a123acea420a790c5b94",
    "bracket_low": 340,
    "bracket_high": 359
  },
  {
    "timestamp": 1772225171,
    "market_slug": "elon-musk-of-tweets-february-20-february-27-340-359",
    "event_slug": "elon-musk-of-tweets-february-20-february-27",
    "token_id": "48825579392899667470383818429630547828358514510726283995073023734099565235083",
    "outcome": "Yes",
    "side": "BUY",
    "price": 0.001,
    "size": 3,
    "transaction_hash": "0xac20fcd0097553c47ff1752099508dff571793f621dec2df9cd378231e859198",
    "condition_id": "0xcfccc88efab064a1d0f7f106d410bdcbcd3bd39598d1a123acea420a790c5b94",
    "bracket_low": 340,
    "bracket_high": 359
  },
  {
    "timestamp": 1772225169,
    "market_slug": "elon-musk-of-tweets-february-20-february-27-300-319",
    "event_slug": "elon-musk-of-tweets-february-20-february-27",
    "token_id": "47036434198469552468789848098074459913764484580427930722015939868478403944958",
    "outcome": "Yes",
    "side": "SELL",
    "price": 0.999,
    "size": 3.45,
    "transaction_hash": "0xc27d304f914b5f534375e2789c228f1bcd0665dc668854de06f374a9682b5622",
    "condition_id": "0xe4c65268d62785ca4d4d76da6f17a1386e228eb8997de3a69471258a5457da13",
    "bracket_low": 300,
    "bracket_high": 319
  },
  {
    "timestamp": 1772225111,
    "market_slug": "elon-musk-of-tweets-february-20-february-27-340-359",
    "event_slug": "elon-musk-of-tweets-february-20-february-27",
    "token_id": "48825579392899667470383818429630547828358514510726283995073023734099565235083",
    "outcome": "Yes",
    "side": "BUY",
    "price": 0.001,
    "size": 3,
    "transaction_hash": "0xc009a53fda165011affa7f5125aa1e9d15a8105e48fc6b453416220abdb51353",
    "condition_id": "0xcfccc88efab064a1d0f7f106d410bdcbcd3bd39598d1a123acea420a790c5b94",
    "bracket_low": 340,
    "bracket_high": 359
  },
  {
    "timestamp": 1772225047,
    "market_slug": "elon-musk-of-tweets-february-20-february-27-340-359",
    "event_slug": "elon-musk-of-tweets-february-20-february-27",
    "token_id": "48825579392899667470383818429630547828358514510726283995073023734099565235083",
    "outcome": "Yes",
    "side": "BUY",
    "price": 0.001,
    "size": 3,
    "transaction_hash": "0x232b98d927c9f5cec9f997f6dcbdb031805cc8479633bd4b5d61b921793147e4",
    "condition_id": "0xcfccc88efab064a1d0f7f106d410bdcbcd3bd39598d1a123acea420a790c5b94",
    "bracket_low": 340,
    "bracket_high": 359
  },
  {
    "timestamp": 1772224999,
    "market_slug": "elon-musk-of-tweets-february-20-february-27-340-359",
    "event_slug": "elon-musk-of-tweets-february-20-february-27",
    "token_id": "48825579392899667470383818429630547828358514510726283995073023734099565235083",
    "outcome": "Yes",
    "side": "BUY",
    "price": 0.001,
    "size": 3,
    "transaction_hash": "0xd2800f959755d2ecc2b44d74f6a08eb896b54a2749c944b997886472ffdc92d3",
    "condition_id": "0xcfccc88efab064a1d0f7f106d410bdcbcd3bd39598d1a123acea420a790c5b94",
    "bracket_low": 340,
    "bracket_high": 359
  },
  {
    "timestamp": 1772224933,
    "market_slug": "elon-musk-of-tweets-february-20-february-27-340-359",
    "event_slug": "elon-musk-of-tweets-february-20-february-27",
    "token_id": "87349203669054870916194424875989304073208254637234716979809453744268321294661",
    "outcome": "No",
    "side": "SELL",
    "price": 0.999,
    "size": 2842.25,
    "transaction_hash": "0x438f71d275a7ffa9971fb4c3778a5804e24f4468ff771f1cbf20a504607b193b",
    "condition_id": "0xcfccc88efab064a1d0f7f106d410bdcbcd3bd39598d1a123acea420a790c5b94",
    "bracket_low": 340,
    "bracket_high": 359
  },
  {
    "timestamp": 1772224931,
    "market_slug": "elon-musk-of-tweets-february-20-february-27-300-319",
    "event_slug": "elon-musk-of-tweets-february-20-february-27",
    "token_id": "47036434198469552468789848098074459913764484580427930722015939868478403944958",
    "outcome": "Yes",
    "side": "SELL",
    "price": 0.999,
    "size": 22.22,
    "transaction_hash": "0xb18aa52ac752ef16100936b3b8f27ed48213a7d966b732362860d7ca2e876f63",
    "condition_id": "0xe4c65268d62785ca4d4d76da6f17a1386e228eb8997de3a69471258a5457da13",
    "bracket_low": 300,
    "bracket_high": 319
  },
  {
    "timestamp": 1772224909,
    "market_slug": "elon-musk-of-tweets-february-20-february-27-340-359",
    "event_slug": "elon-musk-of-tweets-february-20-february-27",
    "token_id": "48825579392899667470383818429630547828358514510726283995073023734099565235083",
    "outcome": "Yes",
    "side": "BUY",
    "price": 0.001,
    "size": 3,
    "transaction_hash": "0xe0e0f3c0f09c581b9253e235d52b0a8e69138a6d479a10de8623894709a8bcf4",
    "condition_id": "0xcfccc88efab064a1d0f7f106d410bdcbcd3bd39598d1a123acea420a790c5b94",
    "bracket_low": 340,
    "bracket_high": 359
  },
  {
    "timestamp": 1772224789,
    "market_slug": "elon-musk-of-tweets-february-20-february-27-340-359",
    "event_slug": "elon-musk-of-tweets-february-20-february-27",
    "token_id": "48825579392899667470383818429630547828358514510726283995073023734099565235083",
    "outcome": "Yes",
    "side": "BUY",
    "price": 0.001,
    "size": 3,
    "transaction_hash": "0x128d374227839eaf4d2243c2efa31ac30605d8234a956d3360e11cf2357174af",
    "condition_id": "0xcfccc88efab064a1d0f7f106d410bdcbcd3bd39598d1a123acea420a790c5b94",
    "bracket_low": 340,
    "bracket_high": 359
  },
  {
    "timestamp": 1772224669,
    "market_slug": "elon-musk-of-tweets-february-20-february-27-340-359",
    "event_slug": "elon-musk-of-tweets-february-20-february-27",
    "token_id": "48825579392899667470383818429630547828358514510726283995073023734099565235083",
    "outcome": "Yes",
    "side": "BUY",
    "price": 0.001,
    "size": 3,
    "transaction_hash": "0xeac807d7db1e438b6950207b2e11b0bd56fd8688b1579d1bd7500ebdb1618d2c",
    "condition_id": "0xcfccc88efab064a1d0f7f106d410bdcbcd3bd39598d1a123acea420a790c5b94",
    "bracket_low": 340,
    "bracket_high": 359
  },
  {
    "timestamp": 1772224605,
    "market_slug": "elon-musk-of-tweets-february-20-february-27-340-359",
    "event_slug": "elon-musk-of-tweets-february-20-february-27",
    "token_id": "48825579392899667470383818429630547828358514510726283995073023734099565235083",
    "outcome": "Yes",
    "side": "BUY",
    "price": 0.001,
    "size": 3,
    "transaction_hash": "0x3bb4638d2c0ff0fa2edbd62a6b9442be5a35cb3888885167e0f8a76b36366ef0",
    "condition_id": "0xcfccc88efab064a1d0f7f106d410bdcbcd3bd39598d1a123acea420a790c5b94",
    "bracket_low": 340,
    "bracket_high": 359
  },
  {
    "timestamp": 1772224589,
    "market_slug": "elon-musk-of-tweets-february-20-february-27-300-319",
    "event_slug": "elon-musk-of-tweets-february-20-february-27",
    "token_id": "47036434198469552468789848098074459913764484580427930722015939868478403944958",
    "outcome": "Yes",
    "side": "SELL",
    "price": 0.999,
    "size": 3.12,
    "transaction_hash": "0xffc2c58ebd7a4472c0635717cd5922e722a302063892e252f4cb7653ccfe0007",
    "condition_id": "0xe4c65268d62785ca4d4d76da6f17a1386e228eb8997de3a69471258a5457da13",
    "bracket_low": 300,
    "bracket_high": 319
  },
  {
    "timestamp": 1772224563,
    "market_slug": "elon-musk-of-tweets-february-20-february-27-300-319",
    "event_slug": "elon-musk-of-tweets-february-20-february-27",
    "token_id": "47036434198469552468789848098074459913764484580427930722015939868478403944958",
    "outcome": "Yes",
    "side": "SELL",
    "price": 0.999,
    "size": 9.43,
    "transaction_hash": "0xb67e97c2cf9eac56f03597a1144fb6f22456841f64e360653b340b6c18f749f2",
    "condition_id": "0xe4c65268d62785ca4d4d76da6f17a1386e228eb8997de3a69471258a5457da13",
    "bracket_low": 300,
    "bracket_high": 319
  },
  {
    "timestamp": 1772224549,
    "market_slug": "elon-musk-of-tweets-february-20-february-27-340-359",
    "event_slug": "elon-musk-of-tweets-february-20-february-27",
    "token_id": "48825579392899667470383818429630547828358514510726283995073023734099565235083",
    "outcome": "Yes",
    "side": "BUY",
    "price": 0.001,
    "size": 3,
    "transaction_hash": "0xc4750279faf00ad91d42c3ae6ce464ea3aab0942551430a7aa060095e42dcc17",
    "condition_id": "0xcfccc88efab064a1d0f7f106d410bdcbcd3bd39598d1a123acea420a790c5b94",
    "bracket_low": 340,
    "bracket_high": 359
  },
  {
    "timestamp": 1772224445,
    "market_slug": "elon-musk-of-tweets-february-20-february-27-340-359",
    "event_slug": "elon-musk-of-tweets-february-20-february-27",
    "token_id": "48825579392899667470383818429630547828358514510726283995073023734099565235083",
    "outcome": "Yes",
    "side": "BUY",
    "price": 0.001,
    "size": 3,
    "transaction_hash": "0xf8ef2bcca892f31bf4803780baaf1952264706a0920ef0e5ee481127ee39a922",
    "condition_id": "0xcfccc88efab064a1d0f7f106d410bdcbcd3bd39598d1a123acea420a790c5b94",
    "bracket_low": 340,
    "bracket_high": 359
  },
  {
    "timestamp": 1772224383,
    "market_slug": "elon-musk-of-tweets-february-20-february-27-340-359",
    "event_slug": "elon-musk-of-tweets-february-20-february-27",
    "token_id": "48825579392899667470383818429630547828358514510726283995073023734099565235083",
    "outcome": "Yes",
    "side": "BUY",
    "price": 0.001,
    "size": 3,
    "transaction_hash": "0xe68eb0a644e2b67eec3aeb02bf1dc58baa90428227b4ce02ce40a8c8798595cd",
    "condition_id": "0xcfccc88efab064a1d0f7f106d410bdcbcd3bd39598d1a123acea420a790c5b94",
    "bracket_low": 340,
    "bracket_high": 359
  },
  {
    "timestamp": 1772224369,
    "market_slug": "elon-musk-of-tweets-february-20-february-27-340-359",
    "event_slug": "elon-musk-of-tweets-february-20-february-27",
    "token_id": "48825579392899667470383818429630547828358514510726283995073023734099565235083",
    "outcome": "Yes",
    "side": "BUY",
    "price": 0.001,
    "size": 3,
    "transaction_hash": "0x73fea6bc0a35fb32bdd351ff890ea1166c5171d5e6aa0861ef1b3942f77bbbf2",
    "condition_id": "0xcfccc88efab064a1d0f7f106d410bdcbcd3bd39598d1a123acea420a790c5b94",
    "bracket_low": 340,
    "bracket_high": 359
  },
  {
    "timestamp": 1772224367,
    "market_slug": "elon-musk-of-tweets-february-20-february-27-340-359",
    "event_slug": "elon-musk-of-tweets-february-20-february-27",
    "token_id": "87349203669054870916194424875989304073208254637234716979809453744268321294661",
    "outcome": "No",
    "side": "SELL",
    "price": 0.999,
    "size": 503.52,
    "transaction_hash": "0xd7f1ff6711be30fadad2bac71cb8920e674812bf8f5b318a1d6883f8735fc6b9",
    "condition_id": "0xcfccc88efab064a1d0f7f106d410bdcbcd3bd39598d1a123acea420a790c5b94",
    "bracket_low": 340,
    "bracket_high": 359
  },
  {
    "timestamp": 1772224311,
    "market_slug": "elon-musk-of-tweets-february-20-february-27-320-339",
    "event_slug": "elon-musk-of-tweets-february-20-february-27",
    "token_id": "62198989035372736561708535875517516037611585058191011937278325126384543602513",
    "outcome": "No",
    "side": "SELL",
    "price": 0.999,
    "size": 63.95,
    "transaction_hash": "0x952830a58128253aba37f75e43a59b0c1dcff6429be9b7589a5d43bb42c3c336",
    "condition_id": "0x07bb25076dbf7d611e95b2ac6adb7c2dd1a63d04b950168b9d5a9761b46e923c",
    "bracket_low": 320,
    "bracket_high": 339
  },
  {
    "timestamp": 1772224309,
    "market_slug": "elon-musk-of-tweets-february-20-february-27-340-359",
    "event_slug": "elon-musk-of-tweets-february-20-february-27",
    "token_id": "48825579392899667470383818429630547828358514510726283995073023734099565235083",
    "outcome": "Yes",
    "side": "BUY",
    "price": 0.001,
    "size": 3,
    "transaction_hash": "0xa98f4c1db6ba336941ce0ac99855d426d890da05119c6f01e5f6664f0ce9e9f6",
    "condition_id": "0xcfccc88efab064a1d0f7f106d410bdcbcd3bd39598d1a123acea420a790c5b94",
    "bracket_low": 340,
    "bracket_high": 359
  },
  {
    "timestamp": 1772224263,
    "market_slug": "elon-musk-of-tweets-february-20-february-27-300-319",
    "event_slug": "elon-musk-of-tweets-february-20-february-27",
    "token_id": "47036434198469552468789848098074459913764484580427930722015939868478403944958",
    "outcome": "Yes",
    "side": "SELL",
    "price": 0.999,
    "size": 205.54,
    "transaction_hash": "0xc692ecb194f6c8ff7e6fc8fcb335b704663c14377e7456f9d5c34d442ac8661b",
    "condition_id": "0xe4c65268d62785ca4d4d76da6f17a1386e228eb8997de3a69471258a5457da13",
    "bracket_low": 300,
    "bracket_high": 319
  },
  {
    "timestamp": 1772224249,
    "market_slug": "elon-musk-of-tweets-february-20-february-27-340-359",
    "event_slug": "elon-musk-of-tweets-february-20-february-27",
    "token_id": "48825579392899667470383818429630547828358514510726283995073023734099565235083",
    "outcome": "Yes",
    "side": "BUY",
    "price": 0.001,
    "size": 3,
    "transaction_hash": "0xbd6f2090dcaac8e24e6e626006936af20df29b0051592d8932470a26e359685c",
    "condition_id": "0xcfccc88efab064a1d0f7f106d410bdcbcd3bd39598d1a123acea420a790c5b94",
    "bracket_low": 340,
    "bracket_high": 359
  },
  {
    "timestamp": 1772224239,
    "market_slug": "elon-musk-of-tweets-february-20-february-27-300-319",
    "event_slug": "elon-musk-of-tweets-february-20-february-27",
    "token_id": "47036434198469552468789848098074459913764484580427930722015939868478403944958",
    "outcome": "Yes",
    "side": "SELL",
    "price": 0.999,
    "size": 3.33,
    "transaction_hash": "0xaa54b45e03005fa4a4fcacbb7d35a087f4c362c1a889da40227e9da634a9469b",
    "condition_id": "0xe4c65268d62785ca4d4d76da6f17a1386e228eb8997de3a69471258a5457da13",
    "bracket_low": 300,
    "bracket_high": 319
  },
  {
    "timestamp": 1772224187,
    "market_slug": "elon-musk-of-tweets-february-20-february-27-340-359",
    "event_slug": "elon-musk-of-tweets-february-20-february-27",
    "token_id": "48825579392899667470383818429630547828358514510726283995073023734099565235083",
    "outcome": "Yes",
    "side": "BUY",
    "price": 0.001,
    "size": 3,
    "transaction_hash": "0xe1a2b42fc705aa3721197b452e9f6cd9d1f9cb3d4a7155837f8382a2f3be9b93",
    "condition_id": "0xcfccc88efab064a1d0f7f106d410bdcbcd3bd39598d1a123acea420a790c5b94",
    "bracket_low": 340,
    "bracket_high": 359
  },
  {
    "timestamp": 1772224133,
    "market_slug": "elon-musk-of-tweets-february-20-february-27-300-319",
    "event_slug": "elon-musk-of-tweets-february-20-february-27",
    "token_id": "47036434198469552468789848098074459913764484580427930722015939868478403944958",
    "outcome": "Yes",
    "side": "SELL",
    "price": 0.999,
    "size": 12.37,
    "transaction_hash": "0xe021158c57eeb04928240965cec6d3b5ca8f6cb8ef195bc49a34bc4bb92b38a9",
    "condition_id": "0xe4c65268d62785ca4d4d76da6f17a1386e228eb8997de3a69471258a5457da13",
    "bracket_low": 300,
    "bracket_high": 319
  },
  {
    "timestamp": 1772224127,
    "market_slug": "elon-musk-of-tweets-february-20-february-27-300-319",
    "event_slug": "elon-musk-of-tweets-february-20-february-27",
    "token_id": "47036434198469552468789848098074459913764484580427930722015939868478403944958",
    "outcome": "Yes",
    "side": "SELL",
    "price": 0.999,
    "size": 400,
    "transaction_hash": "0x7fdb8ec2a338b014f8df95a116fb06ad68d7f538d804cf74a539199ccb125357",
    "condition_id": "0xe4c65268d62785ca4d4d76da6f17a1386e228eb8997de3a69471258a5457da13",
    "bracket_low": 300,
    "bracket_high": 319
  },
  {
    "timestamp": 1772224127,
    "market_slug": "elon-musk-of-tweets-february-20-february-27-340-359",
    "event_slug": "elon-musk-of-tweets-february-20-february-27",
    "token_id": "48825579392899667470383818429630547828358514510726283995073023734099565235083",
    "outcome": "Yes",
    "side": "BUY",
    "price": 0.001,
    "size": 3,
    "transaction_hash": "0x1bcaf07b5b89902dee054ae4ac3c5719b61e1e459cc98d22db3673c8e6bfc931",
    "condition_id": "0xcfccc88efab064a1d0f7f106d410bdcbcd3bd39598d1a123acea420a790c5b94",
    "bracket_low": 340,
    "bracket_high": 359
  },
  {
    "timestamp": 1772224127,
    "market_slug": "elon-musk-of-tweets-february-20-february-27-300-319",
    "event_slug": "elon-musk-of-tweets-february-20-february-27",
    "token_id": "47036434198469552468789848098074459913764484580427930722015939868478403944958",
    "outcome": "Yes",
    "side": "SELL",
    "price": 0.999,
    "size": 460,
    "transaction_hash": "0xcc9a690f5f6026e4a7c50907bcaba696a8c9f7d18a951888e3bc41cd3a117a81",
    "condition_id": "0xe4c65268d62785ca4d4d76da6f17a1386e228eb8997de3a69471258a5457da13",
    "bracket_low": 300,
    "bracket_high": 319
  },
  {
    "timestamp": 1772224067,
    "market_slug": "elon-musk-of-tweets-february-20-february-27-340-359",
    "event_slug": "elon-musk-of-tweets-february-20-february-27",
    "token_id": "48825579392899667470383818429630547828358514510726283995073023734099565235083",
    "outcome": "Yes",
    "side": "BUY",
    "price": 0.001,
    "size": 3,
    "transaction_hash": "0x219ec24863ecfa949e3d0bc9f57b93d6e8683ea3b268bd19ff0713077abfaafd",
    "condition_id": "0xcfccc88efab064a1d0f7f106d410bdcbcd3bd39598d1a123acea420a790c5b94",
    "bracket_low": 340,
    "bracket_high": 359
  },
  {
    "timestamp": 1772224031,
    "market_slug": "elon-musk-of-tweets-february-20-february-27-320-339",
    "event_slug": "elon-musk-of-tweets-february-20-february-27",
    "token_id": "62198989035372736561708535875517516037611585058191011937278325126384543602513",
    "outcome": "No",
    "side": "SELL",
    "price": 0.999,
    "size": 613.7,
    "transaction_hash": "0x10f2024129a182cec6c7aeb4ebe7e4ff29383af9bd9c40f48efcdd8072779e39",
    "condition_id": "0x07bb25076dbf7d611e95b2ac6adb7c2dd1a63d04b950168b9d5a9761b46e923c",
    "bracket_low": 320,
    "bracket_high": 339
  },
  {
    "timestamp": 1772224007,
    "market_slug": "elon-musk-of-tweets-february-20-february-27-340-359",
    "event_slug": "elon-musk-of-tweets-february-20-february-27",
    "token_id": "48825579392899667470383818429630547828358514510726283995073023734099565235083",
    "outcome": "Yes",
    "side": "BUY",
    "price": 0.001,
    "size": 3,
    "transaction_hash": "0x0dd1f4a6d6b02f8724516ce0fe5a6004ace8320d083520b757f72859386cf8f7",
    "condition_id": "0xcfccc88efab064a1d0f7f106d410bdcbcd3bd39598d1a123acea420a790c5b94",
    "bracket_low": 340,
    "bracket_high": 359
  },
  {
    "timestamp": 1772223979,
    "market_slug": "elon-musk-of-tweets-february-20-february-27-300-319",
    "event_slug": "elon-musk-of-tweets-february-20-february-27",
    "token_id": "47036434198469552468789848098074459913764484580427930722015939868478403944958",
    "outcome": "Yes",
    "side": "SELL",
    "price": 0.999,
    "size": 1442.8,
    "transaction_hash": "0xee870958c0cdd35c1240c9a70293d4496bc11e3fb84e33a681fde5186d2ce60c",
    "condition_id": "0xe4c65268d62785ca4d4d76da6f17a1386e228eb8997de3a69471258a5457da13",
    "bracket_low": 300,
    "bracket_high": 319
  },
  {
    "timestamp": 1772223947,
    "market_slug": "elon-musk-of-tweets-february-20-february-27-340-359",
    "event_slug": "elon-musk-of-tweets-february-20-february-27",
    "token_id": "48825579392899667470383818429630547828358514510726283995073023734099565235083",
    "outcome": "Yes",
    "side": "BUY",
    "price": 0.001,
    "size": 3,
    "transaction_hash": "0xd669be70ae912e49b66e2abc5a494f531ddb7a9a13544fbf0dc2f6c23152b3e0",
    "condition_id": "0xcfccc88efab064a1d0f7f106d410bdcbcd3bd39598d1a123acea420a790c5b94",
    "bracket_low": 340,
    "bracket_high": 359
  },
  {
    "timestamp": 1772223857,
    "market_slug": "elon-musk-of-tweets-february-20-february-27-320-339",
    "event_slug": "elon-musk-of-tweets-february-20-february-27",
    "token_id": "62198989035372736561708535875517516037611585058191011937278325126384543602513",
    "outcome": "No",
    "side": "SELL",
    "price": 0.999,
    "size": 175.54,
    "transaction_hash": "0xd4022dedd6f04895ff4535393bd283fa9e413992d1cfe5b8b528eb8b10768e3a",
    "condition_id": "0x07bb25076dbf7d611e95b2ac6adb7c2dd1a63d04b950168b9d5a9761b46e923c",
    "bracket_low": 320,
    "bracket_high": 339
  },
  {
    "timestamp": 1772223831,
    "market_slug": "elon-musk-of-tweets-february-20-february-27-340-359",
    "event_slug": "elon-musk-of-tweets-february-20-february-27",
    "token_id": "48825579392899667470383818429630547828358514510726283995073023734099565235083",
    "outcome": "Yes",
    "side": "BUY",
    "price": 0.001,
    "size": 3,
    "transaction_hash": "0xbec71bf49f1e101888276e1a20dec1ef5097f2b36e768716b4efbdad2279840e",
    "condition_id": "0xcfccc88efab064a1d0f7f106d410bdcbcd3bd39598d1a123acea420a790c5b94",
    "bracket_low": 340,
    "bracket_high": 359
  },
  {
    "timestamp": 1772223799,
    "market_slug": "elon-musk-of-tweets-february-20-february-27-300-319",
    "event_slug": "elon-musk-of-tweets-february-20-february-27",
    "token_id": "47036434198469552468789848098074459913764484580427930722015939868478403944958",
    "outcome": "Yes",
    "side": "SELL",
    "price": 0.999,
    "size": 132.28,
    "transaction_hash": "0xbed70fd3b4ff45d4286384adb573c07c4d20dcab5ee5aadd63bc32529e41bfd0",
    "condition_id": "0xe4c65268d62785ca4d4d76da6f17a1386e228eb8997de3a69471258a5457da13",
    "bracket_low": 300,
    "bracket_high": 319
  },
  {
    "timestamp": 1772223773,
    "market_slug": "elon-musk-of-tweets-february-20-february-27-300-319",
    "event_slug": "elon-musk-of-tweets-february-20-february-27",
    "token_id": "47036434198469552468789848098074459913764484580427930722015939868478403944958",
    "outcome": "Yes",
    "side": "SELL",
    "price": 0.999,
    "size": 33.33,
    "transaction_hash": "0x1de5cfe964c6f1095d7a899f4279290bd56c1c7f409454ac3211834ac71d6f7a",
    "condition_id": "0xe4c65268d62785ca4d4d76da6f17a1386e228eb8997de3a69471258a5457da13",
    "bracket_low": 300,
    "bracket_high": 319
  },
  {
    "timestamp": 1772223741,
    "market_slug": "elon-musk-of-tweets-february-20-february-27-340-359",
    "event_slug": "elon-musk-of-tweets-february-20-february-27",
    "token_id": "48825579392899667470383818429630547828358514510726283995073023734099565235083",
    "outcome": "Yes",
    "side": "BUY",
    "price": 0.001,
    "size": 3,
    "transaction_hash": "0xe5ec8680c04b18d7b5422c020d5083066db15379e0d670a4987b119e4d749a11",
    "condition_id": "0xcfccc88efab064a1d0f7f106d410bdcbcd3bd39598d1a123acea420a790c5b94",
    "bracket_low": 340,
    "bracket_high": 359
  },
  {
    "timestamp": 1772223683,
    "market_slug": "elon-musk-of-tweets-february-20-february-27-320-339",
    "event_slug": "elon-musk-of-tweets-february-20-february-27",
    "token_id": "62198989035372736561708535875517516037611585058191011937278325126384543602513",
    "outcome": "No",
    "side": "SELL",
    "price": 0.999,
    "size": 31.25,
    "transaction_hash": "0x7f8c6cd9f0e003351d7e2957a0fdccea3a99bef966b154bc098de75d3b6d52f1",
    "condition_id": "0x07bb25076dbf7d611e95b2ac6adb7c2dd1a63d04b950168b9d5a9761b46e923c",
    "bracket_low": 320,
    "bracket_high": 339
  },
  {
    "timestamp": 1772223683,
    "market_slug": "elon-musk-of-tweets-february-20-february-27-340-359",
    "event_slug": "elon-musk-of-tweets-february-20-february-27",
    "token_id": "48825579392899667470383818429630547828358514510726283995073023734099565235083",
    "outcome": "Yes",
    "side": "BUY",
    "price": 0.001,
    "size": 3,
    "transaction_hash": "0xd9598641f0ee1d66bf8cb43007a66435952254a858316f3666d537ccc27c5999",
    "condition_id": "0xcfccc88efab064a1d0f7f106d410bdcbcd3bd39598d1a123acea420a790c5b94",
    "bracket_low": 340,
    "bracket_high": 359
  },
  {
    "timestamp": 1772223605,
    "market_slug": "elon-musk-of-tweets-february-20-february-27-360-379",
    "event_slug": "elon-musk-of-tweets-february-20-february-27",
    "token_id": "8569579552272463031076945852514648181095570348937279584279807311397468175790",
    "outcome": "No",
    "side": "SELL",
    "price": 0.999,
    "size": 10.38,
    "transaction_hash": "0xfa774336ecab3a3b715ba1b1858c0bf5daaf090acf47d3dea849cf61d0e9ed02",
    "condition_id": "0x25870b54d0819f18cc5a1b24b28242576cc30ba7b55aa1b6fbe85fd6bcc42d0c",
    "bracket_low": 360,
    "bracket_high": 379
  },
  {
    "timestamp": 1772223591,
    "market_slug": "elon-musk-of-tweets-february-20-february-27-340-359",
    "event_slug": "elon-musk-of-tweets-february-20-february-27",
    "token_id": "48825579392899667470383818429630547828358514510726283995073023734099565235083",
    "outcome": "Yes",
    "side": "BUY",
    "price": 0.001,
    "size": 3,
    "transaction_hash": "0x336a89cdc5f9c4801ef5fe4082b854b9e5229971c83578752349f71a62c36a4d",
    "condition_id": "0xcfccc88efab064a1d0f7f106d410bdcbcd3bd39598d1a123acea420a790c5b94",
    "bracket_low": 340,
    "bracket_high": 359
  },
  {
    "timestamp": 1772223531,
    "market_slug": "elon-musk-of-tweets-february-20-february-27-340-359",
    "event_slug": "elon-musk-of-tweets-february-20-february-27",
    "token_id": "48825579392899667470383818429630547828358514510726283995073023734099565235083",
    "outcome": "Yes",
    "side": "BUY",
    "price": 0.001,
    "size": 3,
    "transaction_hash": "0x9ba9bb73645301ab08a098f3900983329ac4c0ad97b6dafe6ee6b7a9faf905d9",
    "condition_id": "0xcfccc88efab064a1d0f7f106d410bdcbcd3bd39598d1a123acea420a790c5b94",
    "bracket_low": 340,
    "bracket_high": 359
  },
  {
    "timestamp": 1772223505,
    "market_slug": "elon-musk-of-tweets-february-20-february-27-340-359",
    "event_slug": "elon-musk-of-tweets-february-20-february-27",
    "token_id": "87349203669054870916194424875989304073208254637234716979809453744268321294661",
    "outcome": "No",
    "side": "SELL",
    "price": 0.999,
    "size": 3999.97,
    "transaction_hash": "0x5d0f223273a8406eb5b18c992d6dcd14938fe44bae591a2850b973809a9d050a",
    "condition_id": "0xcfccc88efab064a1d0f7f106d410bdcbcd3bd39598d1a123acea420a790c5b94",
    "bracket_low": 340,
    "bracket_high": 359
  },
  {
    "timestamp": 1772223489,
    "market_slug": "elon-musk-of-tweets-february-20-february-27-300-319",
    "event_slug": "elon-musk-of-tweets-february-20-february-27",
    "token_id": "47036434198469552468789848098074459913764484580427930722015939868478403944958",
    "outcome": "Yes",
    "side": "SELL",
    "price": 0.999,
    "size": 7508.41,
    "transaction_hash": "0xab362ea1bb07c60b11e7ec93a9ffcf2fc1fb5b88ffe6552542eb8204c9dbad08",
    "condition_id": "0xe4c65268d62785ca4d4d76da6f17a1386e228eb8997de3a69471258a5457da13",
    "bracket_low": 300,
    "bracket_high": 319
  },
  {
    "timestamp": 1772223473,
    "market_slug": "elon-musk-of-tweets-february-20-february-27-340-359",
    "event_slug": "elon-musk-of-tweets-february-20-february-27",
    "token_id": "48825579392899667470383818429630547828358514510726283995073023734099565235083",
    "outcome": "Yes",
    "side": "BUY",
    "price": 0.001,
    "size": 3,
    "transaction_hash": "0x44a6aa1b3228e37f8af77e8db1bf5a1f028ba58f5f0c8d0184694448a8b79acb",
    "condition_id": "0xcfccc88efab064a1d0f7f106d410bdcbcd3bd39598d1a123acea420a790c5b94",
    "bracket_low": 340,
    "bracket_high": 359
  },
  {
    "timestamp": 1772223411,
    "market_slug": "elon-musk-of-tweets-february-20-february-27-340-359",
    "event_slug": "elon-musk-of-tweets-february-20-february-27",
    "token_id": "48825579392899667470383818429630547828358514510726283995073023734099565235083",
    "outcome": "Yes",
    "side": "BUY",
    "price": 0.001,
    "size": 3,
    "transaction_hash": "0x1b6e7466cc39035f15aaac6d0834ab65facff7ea042d8a83dcd82a0888152475",
    "condition_id": "0xcfccc88efab064a1d0f7f106d410bdcbcd3bd39598d1a123acea420a790c5b94",
    "bracket_low": 340,
    "bracket_high": 359
  },
  {
    "timestamp": 1772223351,
    "market_slug": "elon-musk-of-tweets-february-20-february-27-340-359",
    "event_slug": "elon-musk-of-tweets-february-20-february-27",
    "token_id": "48825579392899667470383818429630547828358514510726283995073023734099565235083",
    "outcome": "Yes",
    "side": "BUY",
    "price": 0.001,
    "size": 3,
    "transaction_hash": "0xadcb2114b9fbe5901158471266d2c54878dcffcf182afda7f4303ca57dcd2072",
    "condition_id": "0xcfccc88efab064a1d0f7f106d410bdcbcd3bd39598d1a123acea420a790c5b94",
    "bracket_low": 340,
    "bracket_high": 359
  },
  {
    "timestamp": 1772223291,
    "market_slug": "elon-musk-of-tweets-february-20-february-27-340-359",
    "event_slug": "elon-musk-of-tweets-february-20-february-27",
    "token_id": "48825579392899667470383818429630547828358514510726283995073023734099565235083",
    "outcome": "Yes",
    "side": "BUY",
    "price": 0.001,
    "size": 3,
    "transaction_hash": "0xfb2d1d2e9817636269b3c403cbf19af7caef23e824b172429e8ec38644506721",
    "condition_id": "0xcfccc88efab064a1d0f7f106d410bdcbcd3bd39598d1a123acea420a790c5b94",
    "bracket_low": 340,
    "bracket_high": 359
  },
  {
    "timestamp": 1772223229,
    "market_slug": "elon-musk-of-tweets-february-20-february-27-340-359",
    "event_slug": "elon-musk-of-tweets-february-20-february-27",
    "token_id": "48825579392899667470383818429630547828358514510726283995073023734099565235083",
    "outcome": "Yes",
    "side": "BUY",
    "price": 0.001,
    "size": 3,
    "transaction_hash": "0x53a21426bdeef79ec1a68a425582d7a70e6fbbda4c4e9fbbdd50cffd445835cd",
    "condition_id": "0xcfccc88efab064a1d0f7f106d410bdcbcd3bd39598d1a123acea420a790c5b94",
    "bracket_low": 340,
    "bracket_high": 359
  },
  {
    "timestamp": 1772223167,
    "market_slug": "elon-musk-of-tweets-february-20-february-27-340-359",
    "event_slug": "elon-musk-of-tweets-february-20-february-27",
    "token_id": "48825579392899667470383818429630547828358514510726283995073023734099565235083",
    "outcome": "Yes",
    "side": "BUY",
    "price": 0.001,
    "size": 3,
    "transaction_hash": "0x78cf671210f886e0f55fc63945283ad47c8e1df8ddcbbc173fd0ad2896910cc7",
    "condition_id": "0xcfccc88efab064a1d0f7f106d410bdcbcd3bd39598d1a123acea420a790c5b94",
    "bracket_low": 340,
    "bracket_high": 359
  },
  {
    "timestamp": 1772223141,
    "market_slug": "elon-musk-of-tweets-february-20-february-27-340-359",
    "event_slug": "elon-musk-of-tweets-february-20-february-27",
    "token_id": "87349203669054870916194424875989304073208254637234716979809453744268321294661",
    "outcome": "No",
    "side": "SELL",
    "price": 0.999,
    "size": 154.25,
    "transaction_hash": "0x7fcf889d9817f3678c63597d109e9d410fb41a37bc491ac37f89fea8d22c0518",
    "condition_id": "0xcfccc88efab064a1d0f7f106d410bdcbcd3bd39598d1a123acea420a790c5b94",
    "bracket_low": 340,
    "bracket_high": 359
  },
  {
    "timestamp": 1772223103,
    "market_slug": "elon-musk-of-tweets-february-20-february-27-300-319",
    "event_slug": "elon-musk-of-tweets-february-20-february-27",
    "token_id": "47036434198469552468789848098074459913764484580427930722015939868478403944958",
    "outcome": "Yes",
    "side": "SELL",
    "price": 0.999,
    "size": 20.58,
    "transaction_hash": "0xa073263b011db2b52bf873ba6fa8d8dab1bf340e7f4e2f3ab3b7c82f694e34db",
    "condition_id": "0xe4c65268d62785ca4d4d76da6f17a1386e228eb8997de3a69471258a5457da13",
    "bracket_low": 300,
    "bracket_high": 319
  },
  {
    "timestamp": 1772222833,
    "market_slug": "elon-musk-of-tweets-february-20-february-27-300-319",
    "event_slug": "elon-musk-of-tweets-february-20-february-27",
    "token_id": "68817032899409724047312644006928412184649673487737726739040575791044066274329",
    "outcome": "No",
    "side": "BUY",
    "price": 0.001,
    "size": 1000,
    "transaction_hash": "0x1e8ffcb392e29d73715df80451a19d5cb2847820eb001b7447aa53a42b473e65",
    "condition_id": "0xe4c65268d62785ca4d4d76da6f17a1386e228eb8997de3a69471258a5457da13",
    "bracket_low": 300,
    "bracket_high": 319
  },
  {
    "timestamp": 1772222241,
    "market_slug": "elon-musk-of-tweets-february-20-february-27-300-319",
    "event_slug": "elon-musk-of-tweets-february-20-february-27",
    "token_id": "47036434198469552468789848098074459913764484580427930722015939868478403944958",
    "outcome": "Yes",
    "side": "SELL",
    "price": 0.999,
    "size": 6.66,
    "transaction_hash": "0x07841fe2e69628d49a1cde4c644cab0e04c815ec5ee124cfabd483367886d269",
    "condition_id": "0xe4c65268d62785ca4d4d76da6f17a1386e228eb8997de3a69471258a5457da13",
    "bracket_low": 300,
    "bracket_high": 319
  },
  {
    "timestamp": 1772222147,
    "market_slug": "elon-musk-of-tweets-february-20-february-27-300-319",
    "event_slug": "elon-musk-of-tweets-february-20-february-27",
    "token_id": "47036434198469552468789848098074459913764484580427930722015939868478403944958",
    "outcome": "Yes",
    "side": "SELL",
    "price": 0.999,
    "size": 10,
    "transaction_hash": "0xbfbf2405c35134ee8fecef1dc737395ef0428ce6593b44ce57667fd5e0065d45",
    "condition_id": "0xe4c65268d62785ca4d4d76da6f17a1386e228eb8997de3a69471258a5457da13",
    "bracket_low": 300,
    "bracket_high": 319
  },
  {
    "timestamp": 1772222023,
    "market_slug": "elon-musk-of-tweets-february-20-february-27-340-359",
    "event_slug": "elon-musk-of-tweets-february-20-february-27",
    "token_id": "87349203669054870916194424875989304073208254637234716979809453744268321294661",
    "outcome": "No",
    "side": "SELL",
    "price": 0.999,
    "size": 321.41,
    "transaction_hash": "0xe30b8bf7416b9eb5ab85d21f1d578510dd568c427880f050cdfc203b594b78f3",
    "condition_id": "0xcfccc88efab064a1d0f7f106d410bdcbcd3bd39598d1a123acea420a790c5b94",
    "bracket_low": 340,
    "bracket_high": 359
  },
  {
    "timestamp": 1772221963,
    "market_slug": "elon-musk-of-tweets-february-20-february-27-340-359",
    "event_slug": "elon-musk-of-tweets-february-20-february-27",
    "token_id": "87349203669054870916194424875989304073208254637234716979809453744268321294661",
    "outcome": "No",
    "side": "SELL",
    "price": 0.999,
    "size": 121.97,
    "transaction_hash": "0x365b03cad27283860816ac8519c61f3ab58b3e278f05d3c69e6f840e4fdca546",
    "condition_id": "0xcfccc88efab064a1d0f7f106d410bdcbcd3bd39598d1a123acea420a790c5b94",
    "bracket_low": 340,
    "bracket_high": 359
  },
  {
    "timestamp": 1772221781,
    "market_slug": "elon-musk-of-tweets-february-20-february-27-300-319",
    "event_slug": "elon-musk-of-tweets-february-20-february-27",
    "token_id": "47036434198469552468789848098074459913764484580427930722015939868478403944958",
    "outcome": "Yes",
    "side": "SELL",
    "price": 0.999,
    "size": 433.33,
    "transaction_hash": "0xb4592a5b6d62e90b7848ab9f08cb39c5d1468535065d93f7126fee5b2f9dd92e",
    "condition_id": "0xe4c65268d62785ca4d4d76da6f17a1386e228eb8997de3a69471258a5457da13",
    "bracket_low": 300,
    "bracket_high": 319
  },
  {
    "timestamp": 1772221747,
    "market_slug": "elon-musk-of-tweets-february-20-february-27-320-339",
    "event_slug": "elon-musk-of-tweets-february-20-february-27",
    "token_id": "62198989035372736561708535875517516037611585058191011937278325126384543602513",
    "outcome": "No",
    "side": "SELL",
    "price": 0.999,
    "size": 1.75,
    "transaction_hash": "0xe559f3e430cbe99e0d62e7f7f847ab62f9a31b6d48705654b003c3bf095b60ff",
    "condition_id": "0x07bb25076dbf7d611e95b2ac6adb7c2dd1a63d04b950168b9d5a9761b46e923c",
    "bracket_low": 320,
    "bracket_high": 339
  },
  {
    "timestamp": 1772221743,
    "market_slug": "elon-musk-of-tweets-february-20-february-27-300-319",
    "event_slug": "elon-musk-of-tweets-february-20-february-27",
    "token_id": "47036434198469552468789848098074459913764484580427930722015939868478403944958",
    "outcome": "Yes",
    "side": "SELL",
    "price": 0.999,
    "size": 2.5,
    "transaction_hash": "0xaebf5333f285b55e87b0f1b7691d2ad977fc9fa645aab2c68dda0e6b02894859",
    "condition_id": "0xe4c65268d62785ca4d4d76da6f17a1386e228eb8997de3a69471258a5457da13",
    "bracket_low": 300,
    "bracket_high": 319
  },
  {
    "timestamp": 1772221725,
    "market_slug": "elon-musk-of-tweets-february-20-february-27-300-319",
    "event_slug": "elon-musk-of-tweets-february-20-february-27",
    "token_id": "47036434198469552468789848098074459913764484580427930722015939868478403944958",
    "outcome": "Yes",
    "side": "SELL",
    "price": 0.999,
    "size": 3.55,
    "transaction_hash": "0x09dfd04a197b6722fae3bff54c12d3d15325ac2f46cc647c8e9987eae6f2202f",
    "condition_id": "0xe4c65268d62785ca4d4d76da6f17a1386e228eb8997de3a69471258a5457da13",
    "bracket_low": 300,
    "bracket_high": 319
  },
  {
    "timestamp": 1772221551,
    "market_slug": "elon-musk-of-tweets-february-20-february-27-300-319",
    "event_slug": "elon-musk-of-tweets-february-20-february-27",
    "token_id": "47036434198469552468789848098074459913764484580427930722015939868478403944958",
    "outcome": "Yes",
    "side": "SELL",
    "price": 0.999,
    "size": 3.84,
    "transaction_hash": "0xb04cc6d7bfaac0c7ba02cd9d993a4b3503636ba21fd9d68c23746c62d4c4586e",
    "condition_id": "0xe4c65268d62785ca4d4d76da6f17a1386e228eb8997de3a69471258a5457da13",
    "bracket_low": 300,
    "bracket_high": 319
  },
  {
    "timestamp": 1772221463,
    "market_slug": "elon-musk-of-tweets-february-20-february-27-300-319",
    "event_slug": "elon-musk-of-tweets-february-20-february-27",
    "token_id": "47036434198469552468789848098074459913764484580427930722015939868478403944958",
    "outcome": "Yes",
    "side": "SELL",
    "price": 0.999,
    "size": 100,
    "transaction_hash": "0x02f739e80f753cb898884c45a9d4ab80b79b0808cfe3b21771bf24c0d21d4a06",
    "condition_id": "0xe4c65268d62785ca4d4d76da6f17a1386e228eb8997de3a69471258a5457da13",
    "bracket_low": 300,
    "bracket_high": 319
  },
  {
    "timestamp": 1772220845,
    "market_slug": "elon-musk-of-tweets-february-20-february-27-340-359",
    "event_slug": "elon-musk-of-tweets-february-20-february-27",
    "token_id": "87349203669054870916194424875989304073208254637234716979809453744268321294661",
    "outcome": "No",
    "side": "SELL",
    "price": 0.999,
    "size": 6847.39,
    "transaction_hash": "0x0ff08f7af8d4e03b137a4eb49ecf0de21f3a486f096ff3bf5391e78c978e6f89",
    "condition_id": "0xcfccc88efab064a1d0f7f106d410bdcbcd3bd39598d1a123acea420a790c5b94",
    "bracket_low": 340,
    "bracket_high": 359
  },
  {
    "timestamp": 1772220681,
    "market_slug": "elon-musk-of-tweets-february-20-february-27-340-359",
    "event_slug": "elon-musk-of-tweets-february-20-february-27",
    "token_id": "87349203669054870916194424875989304073208254637234716979809453744268321294661",
    "outcome": "No",
    "side": "SELL",
    "price": 0.999,
    "size": 5.43,
    "transaction_hash": "0x1d210a2ad22f8499fe4355e0dd371ed30f0c009e873b3ea816b61bffa5b1bade",
    "condition_id": "0xcfccc88efab064a1d0f7f106d410bdcbcd3bd39598d1a123acea420a790c5b94",
    "bracket_low": 340,
    "bracket_high": 359
  },
  {
    "timestamp": 1772220643,
    "market_slug": "elon-musk-of-tweets-february-20-february-27-300-319",
    "event_slug": "elon-musk-of-tweets-february-20-february-27",
    "token_id": "47036434198469552468789848098074459913764484580427930722015939868478403944958",
    "outcome": "Yes",
    "side": "SELL",
    "price": 0.999,
    "size": 9.97,
    "transaction_hash": "0xe6f26434558a249e4f614f9157cb6ab21741c1ac1a71518cf7fd084941eaef40",
    "condition_id": "0xe4c65268d62785ca4d4d76da6f17a1386e228eb8997de3a69471258a5457da13",
    "bracket_low": 300,
    "bracket_high": 319
  },
  {
    "timestamp": 1772220277,
    "market_slug": "elon-musk-of-tweets-february-20-february-27-300-319",
    "event_slug": "elon-musk-of-tweets-february-20-february-27",
    "token_id": "47036434198469552468789848098074459913764484580427930722015939868478403944958",
    "outcome": "Yes",
    "side": "SELL",
    "price": 0.999,
    "size": 88.02,
    "transaction_hash": "0xfc6eeaf06a196aca0afeeb730593f3df5f27c8e2886ca5c09a361deae2d1f61d",
    "condition_id": "0xe4c65268d62785ca4d4d76da6f17a1386e228eb8997de3a69471258a5457da13",
    "bracket_low": 300,
    "bracket_high": 319
  },
  {
    "timestamp": 1772220271,
    "market_slug": "elon-musk-of-tweets-february-20-february-27-300-319",
    "event_slug": "elon-musk-of-tweets-february-20-february-27",
    "token_id": "47036434198469552468789848098074459913764484580427930722015939868478403944958",
    "outcome": "Yes",
    "side": "SELL",
    "price": 0.999,
    "size": 21.79,
    "transaction_hash": "0x3909d6deafdeb2abbfa090b21a964d5fbbfa966de79a93d8777c2cae9d811157",
    "condition_id": "0xe4c65268d62785ca4d4d76da6f17a1386e228eb8997de3a69471258a5457da13",
    "bracket_low": 300,
    "bracket_high": 319
  },
  {
    "timestamp": 1772219933,
    "market_slug": "elon-musk-of-tweets-february-20-february-27-340-359",
    "event_slug": "elon-musk-of-tweets-february-20-february-27",
    "token_id": "87349203669054870916194424875989304073208254637234716979809453744268321294661",
    "outcome": "No",
    "side": "SELL",
    "price": 0.999,
    "size": 6.13,
    "transaction_hash": "0xccc95d5ce3009c8835e0fa70326a9de7bdc70203419fa9cae2eb153d2e65c2d1",
    "condition_id": "0xcfccc88efab064a1d0f7f106d410bdcbcd3bd39598d1a123acea420a790c5b94",
    "bracket_low": 340,
    "bracket_high": 359
  },
  {
    "timestamp": 1772219901,
    "market_slug": "elon-musk-of-tweets-february-20-february-27-300-319",
    "event_slug": "elon-musk-of-tweets-february-20-february-27",
    "token_id": "47036434198469552468789848098074459913764484580427930722015939868478403944958",
    "outcome": "Yes",
    "side": "SELL",
    "price": 0.999,
    "size": 9.45,
    "transaction_hash": "0x451caf1b2838e33b09b3ca2a1678e7642a3646df9fada1c9ef6853acee02fa68",
    "condition_id": "0xe4c65268d62785ca4d4d76da6f17a1386e228eb8997de3a69471258a5457da13",
    "bracket_low": 300,
    "bracket_high": 319
  },
  {
    "timestamp": 1772219791,
    "market_slug": "elon-musk-of-tweets-february-20-february-27-300-319",
    "event_slug": "elon-musk-of-tweets-february-20-february-27",
    "token_id": "47036434198469552468789848098074459913764484580427930722015939868478403944958",
    "outcome": "Yes",
    "side": "SELL",
    "price": 0.999,
    "size": 2.43,
    "transaction_hash": "0xe84e277dc0b94c96a83db53a43463cafa18e1f1e8fbaa6b9d3659a0428641e15",
    "condition_id": "0xe4c65268d62785ca4d4d76da6f17a1386e228eb8997de3a69471258a5457da13",
    "bracket_low": 300,
    "bracket_high": 319
  },
  {
    "timestamp": 1772219753,
    "market_slug": "elon-musk-of-tweets-february-20-february-27-300-319",
    "event_slug": "elon-musk-of-tweets-february-20-february-27",
    "token_id": "47036434198469552468789848098074459913764484580427930722015939868478403944958",
    "outcome": "Yes",
    "side": "SELL",
    "price": 0.999,
    "size": 53.34,
    "transaction_hash": "0x1b4439485d694beb92117e0b82fb595a82ff95b17bd7b2bc14b70e7217aebd61",
    "condition_id": "0xe4c65268d62785ca4d4d76da6f17a1386e228eb8997de3a69471258a5457da13",
    "bracket_low": 300,
    "bracket_high": 319
  },
  {
    "timestamp": 1772219555,
    "market_slug": "elon-musk-of-tweets-february-20-february-27-340-359",
    "event_slug": "elon-musk-of-tweets-february-20-february-27",
    "token_id": "87349203669054870916194424875989304073208254637234716979809453744268321294661",
    "outcome": "No",
    "side": "SELL",
    "price": 0.999,
    "size": 20.44,
    "transaction_hash": "0x825a78621c4f4ba0189db8c27b0eaca1b9da9de104605a7579c90008fe4a6c12",
    "condition_id": "0xcfccc88efab064a1d0f7f106d410bdcbcd3bd39598d1a123acea420a790c5b94",
    "bracket_low": 340,
    "bracket_high": 359
  },
  {
    "timestamp": 1772219297,
    "market_slug": "elon-musk-of-tweets-february-20-february-27-300-319",
    "event_slug": "elon-musk-of-tweets-february-20-february-27",
    "token_id": "47036434198469552468789848098074459913764484580427930722015939868478403944958",
    "outcome": "Yes",
    "side": "SELL",
    "price": 0.999,
    "size": 67,
    "transaction_hash": "0x154428fa65d5c965240cb423cb7d2eb5a5eaf117cdb80926c5f3ee50ed2c04e2",
    "condition_id": "0xe4c65268d62785ca4d4d76da6f17a1386e228eb8997de3a69471258a5457da13",
    "bracket_low": 300,
    "bracket_high": 319
  },
  {
    "timestamp": 1772219293,
    "market_slug": "elon-musk-of-tweets-february-20-february-27-300-319",
    "event_slug": "elon-musk-of-tweets-february-20-february-27",
    "token_id": "47036434198469552468789848098074459913764484580427930722015939868478403944958",
    "outcome": "Yes",
    "side": "SELL",
    "price": 0.999,
    "size": 30.76,
    "transaction_hash": "0x091b50f9dc241650f84288640eb1147a5161957e0ad6fe2df675ec53429f642f",
    "condition_id": "0xe4c65268d62785ca4d4d76da6f17a1386e228eb8997de3a69471258a5457da13",
    "bracket_low": 300,
    "bracket_high": 319
  },
  {
    "timestamp": 1772219225,
    "market_slug": "elon-musk-of-tweets-february-20-february-27-360-379",
    "event_slug": "elon-musk-of-tweets-february-20-february-27",
    "token_id": "8569579552272463031076945852514648181095570348937279584279807311397468175790",
    "outcome": "No",
    "side": "SELL",
    "price": 0.999,
    "size": 572,
    "transaction_hash": "0xf677cb478d2e86ea822c1638f71d6a779a27ae7dfe6cf3b15b968299bb33803b",
    "condition_id": "0x25870b54d0819f18cc5a1b24b28242576cc30ba7b55aa1b6fbe85fd6bcc42d0c",
    "bracket_low": 360,
    "bracket_high": 379
  },
  {
    "timestamp": 1772219163,
    "market_slug": "elon-musk-of-tweets-february-20-february-27-340-359",
    "event_slug": "elon-musk-of-tweets-february-20-february-27",
    "token_id": "87349203669054870916194424875989304073208254637234716979809453744268321294661",
    "outcome": "No",
    "side": "SELL",
    "price": 0.999,
    "size": 101.93,
    "transaction_hash": "0x81451efd4ddb4e289bc0ae020d4f52bc24dc620dd93b13b36ac7af4174d0288a",
    "condition_id": "0xcfccc88efab064a1d0f7f106d410bdcbcd3bd39598d1a123acea420a790c5b94",
    "bracket_low": 340,
    "bracket_high": 359
  },
  {
    "timestamp": 1772219145,
    "market_slug": "elon-musk-of-tweets-february-20-february-27-320-339",
    "event_slug": "elon-musk-of-tweets-february-20-february-27",
    "token_id": "62198989035372736561708535875517516037611585058191011937278325126384543602513",
    "outcome": "No",
    "side": "SELL",
    "price": 0.999,
    "size": 3.07,
    "transaction_hash": "0x4df6a797664c332667b22441873b9a1b01640492188a180734c689d0989129ec",
    "condition_id": "0x07bb25076dbf7d611e95b2ac6adb7c2dd1a63d04b950168b9d5a9761b46e923c",
    "bracket_low": 320,
    "bracket_high": 339
  },
  {
    "timestamp": 1772219133,
    "market_slug": "elon-musk-of-tweets-february-20-february-27-300-319",
    "event_slug": "elon-musk-of-tweets-february-20-february-27",
    "token_id": "47036434198469552468789848098074459913764484580427930722015939868478403944958",
    "outcome": "Yes",
    "side": "SELL",
    "price": 0.999,
    "size": 200,
    "transaction_hash": "0x5ea23e29b5ff15f4a89cc0b4545b64a7d010d0f9f12b86feccf2380f5314e5ff",
    "condition_id": "0xe4c65268d62785ca4d4d76da6f17a1386e228eb8997de3a69471258a5457da13",
    "bracket_low": 300,
    "bracket_high": 319
  },
  {
    "timestamp": 1772218931,
    "market_slug": "elon-musk-of-tweets-february-20-february-27-300-319",
    "event_slug": "elon-musk-of-tweets-february-20-february-27",
    "token_id": "47036434198469552468789848098074459913764484580427930722015939868478403944958",
    "outcome": "Yes",
    "side": "SELL",
    "price": 0.999,
    "size": 54.56,
    "transaction_hash": "0x85d2c34ded64f3878b606df34cb1b16716a0964dcac36cbd132608a97845c93b",
    "condition_id": "0xe4c65268d62785ca4d4d76da6f17a1386e228eb8997de3a69471258a5457da13",
    "bracket_low": 300,
    "bracket_high": 319
  },
  {
    "timestamp": 1772218657,
    "market_slug": "elon-musk-of-tweets-february-20-february-27-300-319",
    "event_slug": "elon-musk-of-tweets-february-20-february-27",
    "token_id": "47036434198469552468789848098074459913764484580427930722015939868478403944958",
    "outcome": "Yes",
    "side": "SELL",
    "price": 0.999,
    "size": 6.66,
    "transaction_hash": "0xd8dc8b067fccc5fb9b5ca7502c9bc04f704611e4a1bb69342fef99be6c09b880",
    "condition_id": "0xe4c65268d62785ca4d4d76da6f17a1386e228eb8997de3a69471258a5457da13",
    "bracket_low": 300,
    "bracket_high": 319
  },
  {
    "timestamp": 1772218503,
    "market_slug": "elon-musk-of-tweets-february-20-february-27-300-319",
    "event_slug": "elon-musk-of-tweets-february-20-february-27",
    "token_id": "47036434198469552468789848098074459913764484580427930722015939868478403944958",
    "outcome": "Yes",
    "side": "SELL",
    "price": 0.999,
    "size": 13.39,
    "transaction_hash": "0x973fabc65c78ba6e3ab8a8852810e487486e77d5a2ce9f794abb80797504011a",
    "condition_id": "0xe4c65268d62785ca4d4d76da6f17a1386e228eb8997de3a69471258a5457da13",
    "bracket_low": 300,
    "bracket_high": 319
  },
  {
    "timestamp": 1772218501,
    "market_slug": "elon-musk-of-tweets-february-20-february-27-300-319",
    "event_slug": "elon-musk-of-tweets-february-20-february-27",
    "token_id": "47036434198469552468789848098074459913764484580427930722015939868478403944958",
    "outcome": "Yes",
    "side": "SELL",
    "price": 0.999,
    "size": 375.48,
    "transaction_hash": "0xc9465eba448d3ce5b0c2194896ab154b890f5cf8e9a33a67b07f92458ac3ff72",
    "condition_id": "0xe4c65268d62785ca4d4d76da6f17a1386e228eb8997de3a69471258a5457da13",
    "bracket_low": 300,
    "bracket_high": 319
  },
  {
    "timestamp": 1772218483,
    "market_slug": "elon-musk-of-tweets-february-20-february-27-340-359",
    "event_slug": "elon-musk-of-tweets-february-20-february-27",
    "token_id": "87349203669054870916194424875989304073208254637234716979809453744268321294661",
    "outcome": "No",
    "side": "SELL",
    "price": 0.999,
    "size": 22.2,
    "transaction_hash": "0x117681aaba71cc5ff357b28eac087b9457ff93cc5431c2e8b4b4d8e9c392fdf7",
    "condition_id": "0xcfccc88efab064a1d0f7f106d410bdcbcd3bd39598d1a123acea420a790c5b94",
    "bracket_low": 340,
    "bracket_high": 359
  },
  {
    "timestamp": 1772218439,
    "market_slug": "elon-musk-of-tweets-february-20-february-27-300-319",
    "event_slug": "elon-musk-of-tweets-february-20-february-27",
    "token_id": "47036434198469552468789848098074459913764484580427930722015939868478403944958",
    "outcome": "Yes",
    "side": "SELL",
    "price": 0.999,
    "size": 9.89,
    "transaction_hash": "0xf6f962214692678027a581b1068971b986396b2fd166f7e5ee3bc15cbb36f144",
    "condition_id": "0xe4c65268d62785ca4d4d76da6f17a1386e228eb8997de3a69471258a5457da13",
    "bracket_low": 300,
    "bracket_high": 319
  },
  {
    "timestamp": 1772218369,
    "market_slug": "elon-musk-of-tweets-february-20-february-27-300-319",
    "event_slug": "elon-musk-of-tweets-february-20-february-27",
    "token_id": "47036434198469552468789848098074459913764484580427930722015939868478403944958",
    "outcome": "Yes",
    "side": "SELL",
    "price": 0.999,
    "size": 7.14,
    "transaction_hash": "0x33c8de9ccdf261dcee6e9b8d7e55421b16df0152ff56e14a91f7399d6dbda0d7",
    "condition_id": "0xe4c65268d62785ca4d4d76da6f17a1386e228eb8997de3a69471258a5457da13",
    "bracket_low": 300,
    "bracket_high": 319
  },
  {
    "timestamp": 1772218331,
    "market_slug": "elon-musk-of-tweets-february-20-february-27-300-319",
    "event_slug": "elon-musk-of-tweets-february-20-february-27",
    "token_id": "47036434198469552468789848098074459913764484580427930722015939868478403944958",
    "outcome": "Yes",
    "side": "SELL",
    "price": 0.999,
    "size": 20,
    "transaction_hash": "0x4ba069d373e56768d5e0ab0c14091af4328ee51639e23a4bd4510a7601eed9fd",
    "condition_id": "0xe4c65268d62785ca4d4d76da6f17a1386e228eb8997de3a69471258a5457da13",
    "bracket_low": 300,
    "bracket_high": 319
  },
  {
    "timestamp": 1772218147,
    "market_slug": "elon-musk-of-tweets-february-20-february-27-300-319",
    "event_slug": "elon-musk-of-tweets-february-20-february-27",
    "token_id": "47036434198469552468789848098074459913764484580427930722015939868478403944958",
    "outcome": "Yes",
    "side": "SELL",
    "price": 0.999,
    "size": 202.71,
    "transaction_hash": "0x7ba6d99b80f41818fa26a194377af739da877fc0eb32588c38b1fab122a197e8",
    "condition_id": "0xe4c65268d62785ca4d4d76da6f17a1386e228eb8997de3a69471258a5457da13",
    "bracket_low": 300,
    "bracket_high": 319
  },
  {
    "timestamp": 1772218001,
    "market_slug": "elon-musk-of-tweets-february-20-february-27-300-319",
    "event_slug": "elon-musk-of-tweets-february-20-february-27",
    "token_id": "47036434198469552468789848098074459913764484580427930722015939868478403944958",
    "outcome": "Yes",
    "side": "SELL",
    "price": 0.999,
    "size": 100.02,
    "transaction_hash": "0x0208bcf22a4be4861aab179ebb5a5f7f3867ab0f29f0cb3c6f77a219b229385e",
    "condition_id": "0xe4c65268d62785ca4d4d76da6f17a1386e228eb8997de3a69471258a5457da13",
    "bracket_low": 300,
    "bracket_high": 319
  },
  {
    "timestamp": 1772217923,
    "market_slug": "elon-musk-of-tweets-february-20-february-27-320-339",
    "event_slug": "elon-musk-of-tweets-february-20-february-27",
    "token_id": "62198989035372736561708535875517516037611585058191011937278325126384543602513",
    "outcome": "No",
    "side": "SELL",
    "price": 0.999,
    "size": 3.61,
    "transaction_hash": "0x5ba4cdbf31e84f0f8dcf1c2d3e38afbd2aad80c4dd440d7a3ce78a76c1a9a1f6",
    "condition_id": "0x07bb25076dbf7d611e95b2ac6adb7c2dd1a63d04b950168b9d5a9761b46e923c",
    "bracket_low": 320,
    "bracket_high": 339
  },
  {
    "timestamp": 1772217917,
    "market_slug": "elon-musk-of-tweets-february-20-february-27-360-379",
    "event_slug": "elon-musk-of-tweets-february-20-february-27",
    "token_id": "8569579552272463031076945852514648181095570348937279584279807311397468175790",
    "outcome": "No",
    "side": "SELL",
    "price": 0.999,
    "size": 1.11,
    "transaction_hash": "0x39112df678c3f1f079648c1cef3d04691e0c867a072b7314ad86609fe39bf081",
    "condition_id": "0x25870b54d0819f18cc5a1b24b28242576cc30ba7b55aa1b6fbe85fd6bcc42d0c",
    "bracket_low": 360,
    "bracket_high": 379
  },
  {
    "timestamp": 1772217865,
    "market_slug": "elon-musk-of-tweets-february-20-february-27-300-319",
    "event_slug": "elon-musk-of-tweets-february-20-february-27",
    "token_id": "47036434198469552468789848098074459913764484580427930722015939868478403944958",
    "outcome": "Yes",
    "side": "SELL",
    "price": 0.999,
    "size": 93.3,
    "transaction_hash": "0x3b3ff35886708ba9f7b62948326ea387de9d3db8968d93e8234e06bd362ff709",
    "condition_id": "0xe4c65268d62785ca4d4d76da6f17a1386e228eb8997de3a69471258a5457da13",
    "bracket_low": 300,
    "bracket_high": 319
  },
  {
    "timestamp": 1772217829,
    "market_slug": "elon-musk-of-tweets-february-20-february-27-320-339",
    "event_slug": "elon-musk-of-tweets-february-20-february-27",
    "token_id": "62198989035372736561708535875517516037611585058191011937278325126384543602513",
    "outcome": "No",
    "side": "SELL",
    "price": 0.999,
    "size": 66.02,
    "transaction_hash": "0x02d64eaabd40f7adc4d69d3b3c83bcbccb4de8677a53099683d0f1a44a381bdb",
    "condition_id": "0x07bb25076dbf7d611e95b2ac6adb7c2dd1a63d04b950168b9d5a9761b46e923c",
    "bracket_low": 320,
    "bracket_high": 339
  },
  {
    "timestamp": 1772217705,
    "market_slug": "elon-musk-of-tweets-february-20-february-27-320-339",
    "event_slug": "elon-musk-of-tweets-february-20-february-27",
    "token_id": "62198989035372736561708535875517516037611585058191011937278325126384543602513",
    "outcome": "No",
    "side": "SELL",
    "price": 0.999,
    "size": 13.51,
    "transaction_hash": "0x0fdbb5f90711623a89db90161c911a4d241eb614252a52c68df9c04dcc168a8c",
    "condition_id": "0x07bb25076dbf7d611e95b2ac6adb7c2dd1a63d04b950168b9d5a9761b46e923c",
    "bracket_low": 320,
    "bracket_high": 339
  },
  {
    "timestamp": 1772217687,
    "market_slug": "elon-musk-of-tweets-february-20-february-27-340-359",
    "event_slug": "elon-musk-of-tweets-february-20-february-27",
    "token_id": "87349203669054870916194424875989304073208254637234716979809453744268321294661",
    "outcome": "No",
    "side": "SELL",
    "price": 0.999,
    "size": 25.82,
    "transaction_hash": "0x3c8739d6ae697ecece48f41e82baddcbba76af142f0fd705546fde07e1f894ae",
    "condition_id": "0xcfccc88efab064a1d0f7f106d410bdcbcd3bd39598d1a123acea420a790c5b94",
    "bracket_low": 340,
    "bracket_high": 359
  },
  {
    "timestamp": 1772217619,
    "market_slug": "elon-musk-of-tweets-february-20-february-27-340-359",
    "event_slug": "elon-musk-of-tweets-february-20-february-27",
    "token_id": "87349203669054870916194424875989304073208254637234716979809453744268321294661",
    "outcome": "No",
    "side": "SELL",
    "price": 0.999,
    "size": 3.52,
    "transaction_hash": "0x1df935f81cf1dd547504b1a75536f5ff05d4712b223a3b831dce4b6a59a119c9",
    "condition_id": "0xcfccc88efab064a1d0f7f106d410bdcbcd3bd39598d1a123acea420a790c5b94",
    "bracket_low": 340,
    "bracket_high": 359
  },
  {
    "timestamp": 1772217613,
    "market_slug": "elon-musk-of-tweets-february-20-february-27-300-319",
    "event_slug": "elon-musk-of-tweets-february-20-february-27",
    "token_id": "47036434198469552468789848098074459913764484580427930722015939868478403944958",
    "outcome": "Yes",
    "side": "SELL",
    "price": 0.999,
    "size": 4.05,
    "transaction_hash": "0xf974c9142a276e0361c884e877df363a9b60f28628ca6b5d12039abf8474a463",
    "condition_id": "0xe4c65268d62785ca4d4d76da6f17a1386e228eb8997de3a69471258a5457da13",
    "bracket_low": 300,
    "bracket_high": 319
  },
  {
    "timestamp": 1772217571,
    "market_slug": "elon-musk-of-tweets-february-20-february-27-300-319",
    "event_slug": "elon-musk-of-tweets-february-20-february-27",
    "token_id": "47036434198469552468789848098074459913764484580427930722015939868478403944958",
    "outcome": "Yes",
    "side": "SELL",
    "price": 0.999,
    "size": 53.97,
    "transaction_hash": "0x44aba9ba39e120b54cd8b00bfbb577695b134ce56ca1cf620c22574d9049c07b",
    "condition_id": "0xe4c65268d62785ca4d4d76da6f17a1386e228eb8997de3a69471258a5457da13",
    "bracket_low": 300,
    "bracket_high": 319
  },
  {
    "timestamp": 1772217385,
    "market_slug": "elon-musk-of-tweets-february-20-february-27-300-319",
    "event_slug": "elon-musk-of-tweets-february-20-february-27",
    "token_id": "47036434198469552468789848098074459913764484580427930722015939868478403944958",
    "outcome": "Yes",
    "side": "SELL",
    "price": 0.999,
    "size": 13.15,
    "transaction_hash": "0xf27804f24c007a859b4c77e305bd460ec912e503d50c07fc680edfed1d01b7fd",
    "condition_id": "0xe4c65268d62785ca4d4d76da6f17a1386e228eb8997de3a69471258a5457da13",
    "bracket_low": 300,
    "bracket_high": 319
  },
  {
    "timestamp": 1772217351,
    "market_slug": "elon-musk-of-tweets-february-20-february-27-300-319",
    "event_slug": "elon-musk-of-tweets-february-20-february-27",
    "token_id": "47036434198469552468789848098074459913764484580427930722015939868478403944958",
    "outcome": "Yes",
    "side": "SELL",
    "price": 0.999,
    "size": 118.42,
    "transaction_hash": "0xfef2c8543c8827f6ac72870d7716e7dcf699dbacb1b094f2a1f67a41ad083bb5",
    "condition_id": "0xe4c65268d62785ca4d4d76da6f17a1386e228eb8997de3a69471258a5457da13",
    "bracket_low": 300,
    "bracket_high": 319
  },
  {
    "timestamp": 1772217281,
    "market_slug": "elon-musk-of-tweets-february-20-february-27-300-319",
    "event_slug": "elon-musk-of-tweets-february-20-february-27",
    "token_id": "47036434198469552468789848098074459913764484580427930722015939868478403944958",
    "outcome": "Yes",
    "side": "SELL",
    "price": 0.999,
    "size": 3.92,
    "transaction_hash": "0xea23dad7ee35426f9463d2f27a16670177fe214c61a8b3bbaeddbf04538f742f",
    "condition_id": "0xe4c65268d62785ca4d4d76da6f17a1386e228eb8997de3a69471258a5457da13",
    "bracket_low": 300,
    "bracket_high": 319
  },
  {
    "timestamp": 1772217001,
    "market_slug": "elon-musk-of-tweets-february-20-february-27-340-359",
    "event_slug": "elon-musk-of-tweets-february-20-february-27",
    "token_id": "87349203669054870916194424875989304073208254637234716979809453744268321294661",
    "outcome": "No",
    "side": "SELL",
    "price": 0.999,
    "size": 6.01,
    "transaction_hash": "0xc517cbbbb130cb71ec9527653c1b82f7a549fb144ccabd24e00a71c4047a0d62",
    "condition_id": "0xcfccc88efab064a1d0f7f106d410bdcbcd3bd39598d1a123acea420a790c5b94",
    "bracket_low": 340,
    "bracket_high": 359
  },
  {
    "timestamp": 1772216981,
    "market_slug": "elon-musk-of-tweets-february-20-february-27-320-339",
    "event_slug": "elon-musk-of-tweets-february-20-february-27",
    "token_id": "62198989035372736561708535875517516037611585058191011937278325126384543602513",
    "outcome": "No",
    "side": "SELL",
    "price": 0.999,
    "size": 1.38,
    "transaction_hash": "0x8bc1695e5317ef66bdfbcc97efbb81dfe34f34723e51efdaada2e3abbe62b955",
    "condition_id": "0x07bb25076dbf7d611e95b2ac6adb7c2dd1a63d04b950168b9d5a9761b46e923c",
    "bracket_low": 320,
    "bracket_high": 339
  },
  {
    "timestamp": 1772216969,
    "market_slug": "elon-musk-of-tweets-february-20-february-27-340-359",
    "event_slug": "elon-musk-of-tweets-february-20-february-27",
    "token_id": "87349203669054870916194424875989304073208254637234716979809453744268321294661",
    "outcome": "No",
    "side": "SELL",
    "price": 0.999,
    "size": 2.08,
    "transaction_hash": "0xc9de08a8569b3d7f17cd24572b1799fc4e7120f10f8a2f917eca64dc1ceab7eb",
    "condition_id": "0xcfccc88efab064a1d0f7f106d410bdcbcd3bd39598d1a123acea420a790c5b94",
    "bracket_low": 340,
    "bracket_high": 359
  },
  {
    "timestamp": 1772216817,
    "market_slug": "elon-musk-of-tweets-february-20-february-27-300-319",
    "event_slug": "elon-musk-of-tweets-february-20-february-27",
    "token_id": "47036434198469552468789848098074459913764484580427930722015939868478403944958",
    "outcome": "Yes",
    "side": "SELL",
    "price": 0.999,
    "size": 6.25,
    "transaction_hash": "0xf61586413824afc688b128c0341809bbf20b56c264b75518523b6d8118d22416",
    "condition_id": "0xe4c65268d62785ca4d4d76da6f17a1386e228eb8997de3a69471258a5457da13",
    "bracket_low": 300,
    "bracket_high": 319
  },
  {
    "timestamp": 1772216745,
    "market_slug": "elon-musk-of-tweets-february-20-february-27-300-319",
    "event_slug": "elon-musk-of-tweets-february-20-february-27",
    "token_id": "47036434198469552468789848098074459913764484580427930722015939868478403944958",
    "outcome": "Yes",
    "side": "SELL",
    "price": 0.999,
    "size": 2.63,
    "transaction_hash": "0xd650aeaa7c8594b49ac5ae41e4c1ea746b156b2401581c7b69c2d35a8ab2fb37",
    "condition_id": "0xe4c65268d62785ca4d4d76da6f17a1386e228eb8997de3a69471258a5457da13",
    "bracket_low": 300,
    "bracket_high": 319
  },
  {
    "timestamp": 1772216661,
    "market_slug": "elon-musk-of-tweets-february-20-february-27-320-339",
    "event_slug": "elon-musk-of-tweets-february-20-february-27",
    "token_id": "39834234540566513570091571758603609716951688743730941992453722509953119932367",
    "outcome": "Yes",
    "side": "BUY",
    "price": 0.001,
    "size": 40,
    "transaction_hash": "0x6bfeb2779be97bcd7017cf5c84177a2cc8fc76a64291db89f2f9416fc0ad16d6",
    "condition_id": "0x07bb25076dbf7d611e95b2ac6adb7c2dd1a63d04b950168b9d5a9761b46e923c",
    "bracket_low": 320,
    "bracket_high": 339
  },
  {
    "timestamp": 1772216395,
    "market_slug": "elon-musk-of-tweets-february-20-february-27-300-319",
    "event_slug": "elon-musk-of-tweets-february-20-february-27",
    "token_id": "47036434198469552468789848098074459913764484580427930722015939868478403944958",
    "outcome": "Yes",
    "side": "SELL",
    "price": 0.999,
    "size": 0.53,
    "transaction_hash": "0x22a96a3738994dfa081586b7d1d98d86cbd6132eaee62e8b41b2e0d48c6ae42d",
    "condition_id": "0xe4c65268d62785ca4d4d76da6f17a1386e228eb8997de3a69471258a5457da13",
    "bracket_low": 300,
    "bracket_high": 319
  },
  {
    "timestamp": 1772216387,
    "market_slug": "elon-musk-of-tweets-february-20-february-27-300-319",
    "event_slug": "elon-musk-of-tweets-february-20-february-27",
    "token_id": "47036434198469552468789848098074459913764484580427930722015939868478403944958",
    "outcome": "Yes",
    "side": "SELL",
    "price": 0.999,
    "size": 400,
    "transaction_hash": "0x7469adeea7339d5e53fe2e90a2ae1a27a13583f5b1dd12f5792de5b7eb27bf81",
    "condition_id": "0xe4c65268d62785ca4d4d76da6f17a1386e228eb8997de3a69471258a5457da13",
    "bracket_low": 300,
    "bracket_high": 319
  },
  {
    "timestamp": 1772216267,
    "market_slug": "elon-musk-of-tweets-february-20-february-27-300-319",
    "event_slug": "elon-musk-of-tweets-february-20-february-27",
    "token_id": "47036434198469552468789848098074459913764484580427930722015939868478403944958",
    "outcome": "Yes",
    "side": "SELL",
    "price": 0.999,
    "size": 157.14,
    "transaction_hash": "0x4a7b0ad418ad3c869483d5b010eedde281967805419dfed6d2d12f6d12a6c271",
    "condition_id": "0xe4c65268d62785ca4d4d76da6f17a1386e228eb8997de3a69471258a5457da13",
    "bracket_low": 300,
    "bracket_high": 319
  },
  {
    "timestamp": 1772216187,
    "market_slug": "elon-musk-of-tweets-february-20-february-27-300-319",
    "event_slug": "elon-musk-of-tweets-february-20-february-27",
    "token_id": "47036434198469552468789848098074459913764484580427930722015939868478403944958",
    "outcome": "Yes",
    "side": "SELL",
    "price": 0.999,
    "size": 5,
    "transaction_hash": "0x5864f902d3f6ba38cce280c6cba1e4b65b3c0435040b6dfb59ceb2c17503649e",
    "condition_id": "0xe4c65268d62785ca4d4d76da6f17a1386e228eb8997de3a69471258a5457da13",
    "bracket_low": 300,
    "bracket_high": 319
  },
  {
    "timestamp": 1772215957,
    "market_slug": "elon-musk-of-tweets-february-20-february-27-300-319",
    "event_slug": "elon-musk-of-tweets-february-20-february-27",
    "token_id": "47036434198469552468789848098074459913764484580427930722015939868478403944958",
    "outcome": "Yes",
    "side": "SELL",
    "price": 0.999,
    "size": 1.63,
    "transaction_hash": "0x4b09a8e088ddc91569922043cb5ff9384d6dce712e21b0a3fd4002868b36b155",
    "condition_id": "0xe4c65268d62785ca4d4d76da6f17a1386e228eb8997de3a69471258a5457da13",
    "bracket_low": 300,
    "bracket_high": 319
  },
  {
    "timestamp": 1772215897,
    "market_slug": "elon-musk-of-tweets-february-20-february-27-300-319",
    "event_slug": "elon-musk-of-tweets-february-20-february-27",
    "token_id": "47036434198469552468789848098074459913764484580427930722015939868478403944958",
    "outcome": "Yes",
    "side": "SELL",
    "price": 0.999,
    "size": 4.54,
    "transaction_hash": "0xef5e15e6a57fd7481341f6143bf744a3d540485a0362663f015b63bf63812dbc",
    "condition_id": "0xe4c65268d62785ca4d4d76da6f17a1386e228eb8997de3a69471258a5457da13",
    "bracket_low": 300,
    "bracket_high": 319
  },
  {
    "timestamp": 1772215775,
    "market_slug": "elon-musk-of-tweets-february-20-february-27-300-319",
    "event_slug": "elon-musk-of-tweets-february-20-february-27",
    "token_id": "47036434198469552468789848098074459913764484580427930722015939868478403944958",
    "outcome": "Yes",
    "side": "SELL",
    "price": 0.999,
    "size": 16.08,
    "transaction_hash": "0x1fecd32bd6c205239994a83ae618a7a7917ba967b9aa2af8ec262ecceeae165e",
    "condition_id": "0xe4c65268d62785ca4d4d76da6f17a1386e228eb8997de3a69471258a5457da13",
    "bracket_low": 300,
    "bracket_high": 319
  },
  {
    "timestamp": 1772215733,
    "market_slug": "elon-musk-of-tweets-february-20-february-27-300-319",
    "event_slug": "elon-musk-of-tweets-february-20-february-27",
    "token_id": "47036434198469552468789848098074459913764484580427930722015939868478403944958",
    "outcome": "Yes",
    "side": "SELL",
    "price": 0.999,
    "size": 181.81,
    "transaction_hash": "0x632967b18bb5932ad2605dfacd92b31dc82fb8121558ac19f836ef4c21e2c905",
    "condition_id": "0xe4c65268d62785ca4d4d76da6f17a1386e228eb8997de3a69471258a5457da13",
    "bracket_low": 300,
    "bracket_high": 319
  },
  {
    "timestamp": 1772215681,
    "market_slug": "elon-musk-of-tweets-february-20-february-27-300-319",
    "event_slug": "elon-musk-of-tweets-february-20-february-27",
    "token_id": "47036434198469552468789848098074459913764484580427930722015939868478403944958",
    "outcome": "Yes",
    "side": "SELL",
    "price": 0.999,
    "size": 10,
    "transaction_hash": "0x37e4efd29061205a0b89f84cfab21991872da9ac620cb66a16049743b2268a9f",
    "condition_id": "0xe4c65268d62785ca4d4d76da6f17a1386e228eb8997de3a69471258a5457da13",
    "bracket_low": 300,
    "bracket_high": 319
  },
  {
    "timestamp": 1772215673,
    "market_slug": "elon-musk-of-tweets-february-20-february-27-300-319",
    "event_slug": "elon-musk-of-tweets-february-20-february-27",
    "token_id": "47036434198469552468789848098074459913764484580427930722015939868478403944958",
    "outcome": "Yes",
    "side": "SELL",
    "price": 0.999,
    "size": 10,
    "transaction_hash": "0x9b9dee9db29dae0029c34a697cd40fac02d77bb9def616becaa095a225c01723",
    "condition_id": "0xe4c65268d62785ca4d4d76da6f17a1386e228eb8997de3a69471258a5457da13",
    "bracket_low": 300,
    "bracket_high": 319
  },
  {
    "timestamp": 1772215665,
    "market_slug": "elon-musk-of-tweets-february-20-february-27-300-319",
    "event_slug": "elon-musk-of-tweets-february-20-february-27",
    "token_id": "47036434198469552468789848098074459913764484580427930722015939868478403944958",
    "outcome": "Yes",
    "side": "SELL",
    "price": 0.999,
    "size": 10,
    "transaction_hash": "0x0b5c66a457ab6463e9b438c51141879bfebbd57d00f0fca92a80831057ff73f9",
    "condition_id": "0xe4c65268d62785ca4d4d76da6f17a1386e228eb8997de3a69471258a5457da13",
    "bracket_low": 300,
    "bracket_high": 319
  },
  {
    "timestamp": 1772215639,
    "market_slug": "elon-musk-of-tweets-february-20-february-27-300-319",
    "event_slug": "elon-musk-of-tweets-february-20-february-27",
    "token_id": "47036434198469552468789848098074459913764484580427930722015939868478403944958",
    "outcome": "Yes",
    "side": "SELL",
    "price": 0.999,
    "size": 10,
    "transaction_hash": "0xcf0f8d0828bc319c732439e57825e7ee14295c4dbbb742345c0c10c45907dff8",
    "condition_id": "0xe4c65268d62785ca4d4d76da6f17a1386e228eb8997de3a69471258a5457da13",
    "bracket_low": 300,
    "bracket_high": 319
  },
  {
    "timestamp": 1772215599,
    "market_slug": "elon-musk-of-tweets-february-20-february-27-300-319",
    "event_slug": "elon-musk-of-tweets-february-20-february-27",
    "token_id": "47036434198469552468789848098074459913764484580427930722015939868478403944958",
    "outcome": "Yes",
    "side": "SELL",
    "price": 0.999,
    "size": 42.85,
    "transaction_hash": "0xdeabbda5f23e6b2775b5ba785fb219069c6a729a003b79661ff50b295ac56a4f",
    "condition_id": "0xe4c65268d62785ca4d4d76da6f17a1386e228eb8997de3a69471258a5457da13",
    "bracket_low": 300,
    "bracket_high": 319
  },
  {
    "timestamp": 1772215563,
    "market_slug": "elon-musk-of-tweets-february-20-february-27-300-319",
    "event_slug": "elon-musk-of-tweets-february-20-february-27",
    "token_id": "47036434198469552468789848098074459913764484580427930722015939868478403944958",
    "outcome": "Yes",
    "side": "SELL",
    "price": 0.999,
    "size": 10,
    "transaction_hash": "0xb003fa82f0982cc5be91a90e7f0fb6bf6e3a23e8938050c48ecb5f0d7a401a2b",
    "condition_id": "0xe4c65268d62785ca4d4d76da6f17a1386e228eb8997de3a69471258a5457da13",
    "bracket_low": 300,
    "bracket_high": 319
  },
  {
    "timestamp": 1772215527,
    "market_slug": "elon-musk-of-tweets-february-20-february-27-300-319",
    "event_slug": "elon-musk-of-tweets-february-20-february-27",
    "token_id": "47036434198469552468789848098074459913764484580427930722015939868478403944958",
    "outcome": "Yes",
    "side": "SELL",
    "price": 0.999,
    "size": 46.05,
    "transaction_hash": "0xc6cff60e870b3e9bf4be7b3275405158bc6785ee9b275559fb0bd4b58381725b",
    "condition_id": "0xe4c65268d62785ca4d4d76da6f17a1386e228eb8997de3a69471258a5457da13",
    "bracket_low": 300,
    "bracket_high": 319
  },
  {
    "timestamp": 1772215475,
    "market_slug": "elon-musk-of-tweets-february-20-february-27-340-359",
    "event_slug": "elon-musk-of-tweets-february-20-february-27",
    "token_id": "87349203669054870916194424875989304073208254637234716979809453744268321294661",
    "outcome": "No",
    "side": "SELL",
    "price": 0.999,
    "size": 114.09,
    "transaction_hash": "0xe00811d5964d1fa74433e32e67c37d05e4e17cb771316844fc84e0f509244c82",
    "condition_id": "0xcfccc88efab064a1d0f7f106d410bdcbcd3bd39598d1a123acea420a790c5b94",
    "bracket_low": 340,
    "bracket_high": 359
  },
  {
    "timestamp": 1772215427,
    "market_slug": "elon-musk-of-tweets-february-20-february-27-300-319",
    "event_slug": "elon-musk-of-tweets-february-20-february-27",
    "token_id": "47036434198469552468789848098074459913764484580427930722015939868478403944958",
    "outcome": "Yes",
    "side": "SELL",
    "price": 0.999,
    "size": 200.49,
    "transaction_hash": "0x28b330f80de115f16f8393afd25572e0918078af162d65713859d930adc873ab",
    "condition_id": "0xe4c65268d62785ca4d4d76da6f17a1386e228eb8997de3a69471258a5457da13",
    "bracket_low": 300,
    "bracket_high": 319
  },
  {
    "timestamp": 1772215389,
    "market_slug": "elon-musk-of-tweets-february-20-february-27-300-319",
    "event_slug": "elon-musk-of-tweets-february-20-february-27",
    "token_id": "47036434198469552468789848098074459913764484580427930722015939868478403944958",
    "outcome": "Yes",
    "side": "SELL",
    "price": 0.999,
    "size": 5,
    "transaction_hash": "0xb20c3b7c79a8822359489f7fd51cf0bc2d80060c91f709de32fa1fb61070c730",
    "condition_id": "0xe4c65268d62785ca4d4d76da6f17a1386e228eb8997de3a69471258a5457da13",
    "bracket_low": 300,
    "bracket_high": 319
  },
  {
    "timestamp": 1772215353,
    "market_slug": "elon-musk-of-tweets-february-20-february-27-300-319",
    "event_slug": "elon-musk-of-tweets-february-20-february-27",
    "token_id": "47036434198469552468789848098074459913764484580427930722015939868478403944958",
    "outcome": "Yes",
    "side": "SELL",
    "price": 0.999,
    "size": 16.66,
    "transaction_hash": "0x913c38f846ea6e73691a4e6239255964a3a4ffb4826910f783ef4f711ed62bbc",
    "condition_id": "0xe4c65268d62785ca4d4d76da6f17a1386e228eb8997de3a69471258a5457da13",
    "bracket_low": 300,
    "bracket_high": 319
  },
  {
    "timestamp": 1772215269,
    "market_slug": "elon-musk-of-tweets-february-20-february-27-300-319",
    "event_slug": "elon-musk-of-tweets-february-20-february-27",
    "token_id": "47036434198469552468789848098074459913764484580427930722015939868478403944958",
    "outcome": "Yes",
    "side": "SELL",
    "price": 0.999,
    "size": 15.62,
    "transaction_hash": "0xfc9fe5dbfdbeafa77b8287b607cb926ae5f41137849e519bf30b2c084c26540e",
    "condition_id": "0xe4c65268d62785ca4d4d76da6f17a1386e228eb8997de3a69471258a5457da13",
    "bracket_low": 300,
    "bracket_high": 319
  },
  {
    "timestamp": 1772215197,
    "market_slug": "elon-musk-of-tweets-february-20-february-27-320-339",
    "event_slug": "elon-musk-of-tweets-february-20-february-27",
    "token_id": "62198989035372736561708535875517516037611585058191011937278325126384543602513",
    "outcome": "No",
    "side": "SELL",
    "price": 0.999,
    "size": 29.11,
    "transaction_hash": "0x53a08ed80cdf5e4d44a85400d4622c4c3d7bd9163459a365e6b528a0bbb8be88",
    "condition_id": "0x07bb25076dbf7d611e95b2ac6adb7c2dd1a63d04b950168b9d5a9761b46e923c",
    "bracket_low": 320,
    "bracket_high": 339
  },
  {
    "timestamp": 1772215193,
    "market_slug": "elon-musk-of-tweets-february-20-february-27-300-319",
    "event_slug": "elon-musk-of-tweets-february-20-february-27",
    "token_id": "47036434198469552468789848098074459913764484580427930722015939868478403944958",
    "outcome": "Yes",
    "side": "SELL",
    "price": 0.999,
    "size": 35.21,
    "transaction_hash": "0xdb45c29ed3af46c181e515c8c6c58664ab49533e2635a3940ce9f3cd45f4efdb",
    "condition_id": "0xe4c65268d62785ca4d4d76da6f17a1386e228eb8997de3a69471258a5457da13",
    "bracket_low": 300,
    "bracket_high": 319
  },
  {
    "timestamp": 1772215175,
    "market_slug": "elon-musk-of-tweets-february-20-february-27-300-319",
    "event_slug": "elon-musk-of-tweets-february-20-february-27",
    "token_id": "47036434198469552468789848098074459913764484580427930722015939868478403944958",
    "outcome": "Yes",
    "side": "SELL",
    "price": 0.999,
    "size": 2.7,
    "transaction_hash": "0x86b3d23b5a111d9f48cbc92d8ebba227cb9edb522a844537a25924d5427940bf",
    "condition_id": "0xe4c65268d62785ca4d4d76da6f17a1386e228eb8997de3a69471258a5457da13",
    "bracket_low": 300,
    "bracket_high": 319
  },
  {
    "timestamp": 1772214985,
    "market_slug": "elon-musk-of-tweets-february-20-february-27-300-319",
    "event_slug": "elon-musk-of-tweets-february-20-february-27",
    "token_id": "47036434198469552468789848098074459913764484580427930722015939868478403944958",
    "outcome": "Yes",
    "side": "SELL",
    "price": 0.999,
    "size": 100,
    "transaction_hash": "0x551b8df33ea1865217210800c5ff25a2feab5e9a1143703b8a202b55326f723d",
    "condition_id": "0xe4c65268d62785ca4d4d76da6f17a1386e228eb8997de3a69471258a5457da13",
    "bracket_low": 300,
    "bracket_high": 319
  },
  {
    "timestamp": 1772214907,
    "market_slug": "elon-musk-of-tweets-february-20-february-27-300-319",
    "event_slug": "elon-musk-of-tweets-february-20-february-27",
    "token_id": "47036434198469552468789848098074459913764484580427930722015939868478403944958",
    "outcome": "Yes",
    "side": "SELL",
    "price": 0.999,
    "size": 931.6,
    "transaction_hash": "0xde25880ca995f9dc8ffb46957bf8f8f25ce391759c126169b093631e86ba4a10",
    "condition_id": "0xe4c65268d62785ca4d4d76da6f17a1386e228eb8997de3a69471258a5457da13",
    "bracket_low": 300,
    "bracket_high": 319
  },
  {
    "timestamp": 1772214885,
    "market_slug": "elon-musk-of-tweets-february-20-february-27-320-339",
    "event_slug": "elon-musk-of-tweets-february-20-february-27",
    "token_id": "62198989035372736561708535875517516037611585058191011937278325126384543602513",
    "outcome": "No",
    "side": "SELL",
    "price": 0.999,
    "size": 237,
    "transaction_hash": "0xfd572dcf3aaeb3796efea2107d38058ba6b5e4fc0a7ecd59d949c4b173e16574",
    "condition_id": "0x07bb25076dbf7d611e95b2ac6adb7c2dd1a63d04b950168b9d5a9761b46e923c",
    "bracket_low": 320,
    "bracket_high": 339
  },
  {
    "timestamp": 1772214849,
    "market_slug": "elon-musk-of-tweets-february-20-february-27-300-319",
    "event_slug": "elon-musk-of-tweets-february-20-february-27",
    "token_id": "47036434198469552468789848098074459913764484580427930722015939868478403944958",
    "outcome": "Yes",
    "side": "SELL",
    "price": 0.999,
    "size": 4.3,
    "transaction_hash": "0x806311949eb0610ac6a2d5712d22ec19a114a2a85675030d1378b51b7ad36049",
    "condition_id": "0xe4c65268d62785ca4d4d76da6f17a1386e228eb8997de3a69471258a5457da13",
    "bracket_low": 300,
    "bracket_high": 319
  },
  {
    "timestamp": 1772214681,
    "market_slug": "elon-musk-of-tweets-february-20-february-27-320-339",
    "event_slug": "elon-musk-of-tweets-february-20-february-27",
    "token_id": "62198989035372736561708535875517516037611585058191011937278325126384543602513",
    "outcome": "No",
    "side": "SELL",
    "price": 0.999,
    "size": 0.5,
    "transaction_hash": "0x90209fd04d888b28a38163ceb3b1988d8821f717636021ca1d46c7810c84dfe1",
    "condition_id": "0x07bb25076dbf7d611e95b2ac6adb7c2dd1a63d04b950168b9d5a9761b46e923c",
    "bracket_low": 320,
    "bracket_high": 339
  },
  {
    "timestamp": 1772214645,
    "market_slug": "elon-musk-of-tweets-february-20-february-27-300-319",
    "event_slug": "elon-musk-of-tweets-february-20-february-27",
    "token_id": "47036434198469552468789848098074459913764484580427930722015939868478403944958",
    "outcome": "Yes",
    "side": "SELL",
    "price": 0.999,
    "size": 2.86,
    "transaction_hash": "0xa95d3fbf8ad5e7d85982556756e8d9f645c696a2941f3b55a725e710ab9db285",
    "condition_id": "0xe4c65268d62785ca4d4d76da6f17a1386e228eb8997de3a69471258a5457da13",
    "bracket_low": 300,
    "bracket_high": 319
  },
  {
    "timestamp": 1772214643,
    "market_slug": "elon-musk-of-tweets-february-20-february-27-300-319",
    "event_slug": "elon-musk-of-tweets-february-20-february-27",
    "token_id": "47036434198469552468789848098074459913764484580427930722015939868478403944958",
    "outcome": "Yes",
    "side": "SELL",
    "price": 0.999,
    "size": 2.85,
    "transaction_hash": "0xef1e2d14dc5bb3cee3d0287fd18f64a19971948cc4c55e3a0ae3fe1db0b8e607",
    "condition_id": "0xe4c65268d62785ca4d4d76da6f17a1386e228eb8997de3a69471258a5457da13",
    "bracket_low": 300,
    "bracket_high": 319
  },
  {
    "timestamp": 1772214547,
    "market_slug": "elon-musk-of-tweets-february-20-february-27-300-319",
    "event_slug": "elon-musk-of-tweets-february-20-february-27",
    "token_id": "47036434198469552468789848098074459913764484580427930722015939868478403944958",
    "outcome": "Yes",
    "side": "SELL",
    "price": 0.999,
    "size": 5000,
    "transaction_hash": "0x82cda269ad52932a554fd7939f40717a8d3877d1b0a60e9045823a4af428542b",
    "condition_id": "0xe4c65268d62785ca4d4d76da6f17a1386e228eb8997de3a69471258a5457da13",
    "bracket_low": 300,
    "bracket_high": 319
  },
  {
    "timestamp": 1772214487,
    "market_slug": "elon-musk-of-tweets-february-20-february-27-300-319",
    "event_slug": "elon-musk-of-tweets-february-20-february-27",
    "token_id": "47036434198469552468789848098074459913764484580427930722015939868478403944958",
    "outcome": "Yes",
    "side": "SELL",
    "price": 0.999,
    "size": 4,
    "transaction_hash": "0x695558afb76920d730cd8f9ce2c9c5ac91d70ed576e01af061387d45d6e85b66",
    "condition_id": "0xe4c65268d62785ca4d4d76da6f17a1386e228eb8997de3a69471258a5457da13",
    "bracket_low": 300,
    "bracket_high": 319
  },
  {
    "timestamp": 1772214469,
    "market_slug": "elon-musk-of-tweets-february-20-february-27-340-359",
    "event_slug": "elon-musk-of-tweets-february-20-february-27",
    "token_id": "87349203669054870916194424875989304073208254637234716979809453744268321294661",
    "outcome": "No",
    "side": "SELL",
    "price": 0.999,
    "size": 1074.71,
    "transaction_hash": "0x5cf446abfab625e23ebe5ffbea4612096726f376b1a35a5d2f68fdb522236884",
    "condition_id": "0xcfccc88efab064a1d0f7f106d410bdcbcd3bd39598d1a123acea420a790c5b94",
    "bracket_low": 340,
    "bracket_high": 359
  },
  {
    "timestamp": 1772214463,
    "market_slug": "elon-musk-of-tweets-february-20-february-27-300-319",
    "event_slug": "elon-musk-of-tweets-february-20-february-27",
    "token_id": "47036434198469552468789848098074459913764484580427930722015939868478403944958",
    "outcome": "Yes",
    "side": "SELL",
    "price": 0.999,
    "size": 55,
    "transaction_hash": "0x7382aa8c6b488f61a5892b495ee791a8bd232a2458291eda412aed26caf460d4",
    "condition_id": "0xe4c65268d62785ca4d4d76da6f17a1386e228eb8997de3a69471258a5457da13",
    "bracket_low": 300,
    "bracket_high": 319
  },
  {
    "timestamp": 1772214353,
    "market_slug": "elon-musk-of-tweets-february-20-february-27-340-359",
    "event_slug": "elon-musk-of-tweets-february-20-february-27",
    "token_id": "87349203669054870916194424875989304073208254637234716979809453744268321294661",
    "outcome": "No",
    "side": "SELL",
    "price": 0.999,
    "size": 4290.24,
    "transaction_hash": "0xd07301a3098a93c2ceb97ba0019a67a33d9a05308fe0c1ae67ee2b8b7adc2ada",
    "condition_id": "0xcfccc88efab064a1d0f7f106d410bdcbcd3bd39598d1a123acea420a790c5b94",
    "bracket_low": 340,
    "bracket_high": 359
  },
  {
    "timestamp": 1772214281,
    "market_slug": "elon-musk-of-tweets-february-20-february-27-300-319",
    "event_slug": "elon-musk-of-tweets-february-20-february-27",
    "token_id": "47036434198469552468789848098074459913764484580427930722015939868478403944958",
    "outcome": "Yes",
    "side": "SELL",
    "price": 0.999,
    "size": 8.33,
    "transaction_hash": "0xe9c85ae10d951adad8a0aba42233986e73eb05517f71e9c2aef0392fd16e6996",
    "condition_id": "0xe4c65268d62785ca4d4d76da6f17a1386e228eb8997de3a69471258a5457da13",
    "bracket_low": 300,
    "bracket_high": 319
  },
  {
    "timestamp": 1772214257,
    "market_slug": "elon-musk-of-tweets-february-20-february-27-320-339",
    "event_slug": "elon-musk-of-tweets-february-20-february-27",
    "token_id": "39834234540566513570091571758603609716951688743730941992453722509953119932367",
    "outcome": "Yes",
    "side": "BUY",
    "price": 0.001,
    "size": 400,
    "transaction_hash": "0x7e108c4d2053da9fec3f1c79a35db08d6a6d9d4a4fa0d0b17d82e7fedc10447d",
    "condition_id": "0x07bb25076dbf7d611e95b2ac6adb7c2dd1a63d04b950168b9d5a9761b46e923c",
    "bracket_low": 320,
    "bracket_high": 339
  },
  {
    "timestamp": 1772214253,
    "market_slug": "elon-musk-of-tweets-february-20-february-27-320-339",
    "event_slug": "elon-musk-of-tweets-february-20-february-27",
    "token_id": "39834234540566513570091571758603609716951688743730941992453722509953119932367",
    "outcome": "Yes",
    "side": "BUY",
    "price": 0.001,
    "size": 4000,
    "transaction_hash": "0x5142488c5b8d6edb54ef83251195f2b0b07f027c3f9714566b180f194bf8faa5",
    "condition_id": "0x07bb25076dbf7d611e95b2ac6adb7c2dd1a63d04b950168b9d5a9761b46e923c",
    "bracket_low": 320,
    "bracket_high": 339
  },
  {
    "timestamp": 1772214253,
    "market_slug": "elon-musk-of-tweets-february-20-february-27-300-319",
    "event_slug": "elon-musk-of-tweets-february-20-february-27",
    "token_id": "68817032899409724047312644006928412184649673487737726739040575791044066274329",
    "outcome": "No",
    "side": "BUY",
    "price": 0.001,
    "size": 4000,
    "transaction_hash": "0xfd0e5eb0c860270263e032a3c71896d0f2945e99471ed9f634f071fe5b648968",
    "condition_id": "0xe4c65268d62785ca4d4d76da6f17a1386e228eb8997de3a69471258a5457da13",
    "bracket_low": 300,
    "bracket_high": 319
  },
  {
    "timestamp": 1772214111,
    "market_slug": "elon-musk-of-tweets-february-20-february-27-300-319",
    "event_slug": "elon-musk-of-tweets-february-20-february-27",
    "token_id": "47036434198469552468789848098074459913764484580427930722015939868478403944958",
    "outcome": "Yes",
    "side": "SELL",
    "price": 0.999,
    "size": 9.67,
    "transaction_hash": "0xe1d75de3a84000cd22afec9d601d2043bb6d82b4e67a0406777f02ce2f67558f",
    "condition_id": "0xe4c65268d62785ca4d4d76da6f17a1386e228eb8997de3a69471258a5457da13",
    "bracket_low": 300,
    "bracket_high": 319
  },
  {
    "timestamp": 1772214007,
    "market_slug": "elon-musk-of-tweets-february-20-february-27-300-319",
    "event_slug": "elon-musk-of-tweets-february-20-february-27",
    "token_id": "47036434198469552468789848098074459913764484580427930722015939868478403944958",
    "outcome": "Yes",
    "side": "SELL",
    "price": 0.999,
    "size": 100,
    "transaction_hash": "0x0c421f25d69a17581bf1ca87249f73976417749ae974c3cfe952ae9bcd749226",
    "condition_id": "0xe4c65268d62785ca4d4d76da6f17a1386e228eb8997de3a69471258a5457da13",
    "bracket_low": 300,
    "bracket_high": 319
  },
  {
    "timestamp": 1772214001,
    "market_slug": "elon-musk-of-tweets-february-20-february-27-340-359",
    "event_slug": "elon-musk-of-tweets-february-20-february-27",
    "token_id": "87349203669054870916194424875989304073208254637234716979809453744268321294661",
    "outcome": "No",
    "side": "SELL",
    "price": 0.999,
    "size": 20.87,
    "transaction_hash": "0xd4f19e71a3a240f33225d1da1ee62141d1a6f14773c3a763b910512dcf6934ab",
    "condition_id": "0xcfccc88efab064a1d0f7f106d410bdcbcd3bd39598d1a123acea420a790c5b94",
    "bracket_low": 340,
    "bracket_high": 359
  },
  {
    "timestamp": 1772213985,
    "market_slug": "elon-musk-of-tweets-february-20-february-27-300-319",
    "event_slug": "elon-musk-of-tweets-february-20-february-27",
    "token_id": "47036434198469552468789848098074459913764484580427930722015939868478403944958",
    "outcome": "Yes",
    "side": "SELL",
    "price": 0.999,
    "size": 100,
    "transaction_hash": "0x10aa6460e15d360299fa21e0d8a0a334c0c6e9074e4ac86e4adfc7b485841269",
    "condition_id": "0xe4c65268d62785ca4d4d76da6f17a1386e228eb8997de3a69471258a5457da13",
    "bracket_low": 300,
    "bracket_high": 319
  },
  {
    "timestamp": 1772213793,
    "market_slug": "elon-musk-of-tweets-february-20-february-27-300-319",
    "event_slug": "elon-musk-of-tweets-february-20-february-27",
    "token_id": "47036434198469552468789848098074459913764484580427930722015939868478403944958",
    "outcome": "Yes",
    "side": "SELL",
    "price": 0.999,
    "size": 77.23,
    "transaction_hash": "0xb5440adea1b064f0fb7f28315c4bd9b7e7b0746982afb848c45e4135724dd972",
    "condition_id": "0xe4c65268d62785ca4d4d76da6f17a1386e228eb8997de3a69471258a5457da13",
    "bracket_low": 300,
    "bracket_high": 319
  },
  {
    "timestamp": 1772213789,
    "market_slug": "elon-musk-of-tweets-february-20-february-27-300-319",
    "event_slug": "elon-musk-of-tweets-february-20-february-27",
    "token_id": "47036434198469552468789848098074459913764484580427930722015939868478403944958",
    "outcome": "Yes",
    "side": "SELL",
    "price": 0.999,
    "size": 18.87,
    "transaction_hash": "0x12e8e56bbd1380bd8df001a64fec2a6404b4627c9f7260a71ff715ec2708c0ec",
    "condition_id": "0xe4c65268d62785ca4d4d76da6f17a1386e228eb8997de3a69471258a5457da13",
    "bracket_low": 300,
    "bracket_high": 319
  },
  {
    "timestamp": 1772213787,
    "market_slug": "elon-musk-of-tweets-february-20-february-27-300-319",
    "event_slug": "elon-musk-of-tweets-february-20-february-27",
    "token_id": "47036434198469552468789848098074459913764484580427930722015939868478403944958",
    "outcome": "Yes",
    "side": "SELL",
    "price": 0.999,
    "size": 43.42,
    "transaction_hash": "0xcaba40630ceaca989a487f5a6a7a912bb345e744c0f83f59f5230eda173a127c",
    "condition_id": "0xe4c65268d62785ca4d4d76da6f17a1386e228eb8997de3a69471258a5457da13",
    "bracket_low": 300,
    "bracket_high": 319
  },
  {
    "timestamp": 1772213757,
    "market_slug": "elon-musk-of-tweets-february-20-february-27-300-319",
    "event_slug": "elon-musk-of-tweets-february-20-february-27",
    "token_id": "47036434198469552468789848098074459913764484580427930722015939868478403944958",
    "outcome": "Yes",
    "side": "SELL",
    "price": 0.999,
    "size": 52.63,
    "transaction_hash": "0x41bd57c63cf1ef620ee0b126706d017d336f2898b4fa867b17e59466253c9d10",
    "condition_id": "0xe4c65268d62785ca4d4d76da6f17a1386e228eb8997de3a69471258a5457da13",
    "bracket_low": 300,
    "bracket_high": 319
  },
  {
    "timestamp": 1772213623,
    "market_slug": "elon-musk-of-tweets-february-20-february-27-320-339",
    "event_slug": "elon-musk-of-tweets-february-20-february-27",
    "token_id": "62198989035372736561708535875517516037611585058191011937278325126384543602513",
    "outcome": "No",
    "side": "SELL",
    "price": 0.999,
    "size": 1.61,
    "transaction_hash": "0xacb0fe805489d26cdc5787e8e46ee5dcab8269e75911248fa1aa8d6a3980fba3",
    "condition_id": "0x07bb25076dbf7d611e95b2ac6adb7c2dd1a63d04b950168b9d5a9761b46e923c",
    "bracket_low": 320,
    "bracket_high": 339
  },
  {
    "timestamp": 1772213533,
    "market_slug": "elon-musk-of-tweets-february-20-february-27-300-319",
    "event_slug": "elon-musk-of-tweets-february-20-february-27",
    "token_id": "47036434198469552468789848098074459913764484580427930722015939868478403944958",
    "outcome": "Yes",
    "side": "SELL",
    "price": 0.999,
    "size": 94.3,
    "transaction_hash": "0x5ac0e2af6f270b415e92c6f4c1c9b6be9213c9e2a8cc9da49c749cb5ff41bad3",
    "condition_id": "0xe4c65268d62785ca4d4d76da6f17a1386e228eb8997de3a69471258a5457da13",
    "bracket_low": 300,
    "bracket_high": 319
  },
  {
    "timestamp": 1772213461,
    "market_slug": "elon-musk-of-tweets-february-20-february-27-300-319",
    "event_slug": "elon-musk-of-tweets-february-20-february-27",
    "token_id": "47036434198469552468789848098074459913764484580427930722015939868478403944958",
    "outcome": "Yes",
    "side": "SELL",
    "price": 0.999,
    "size": 150,
    "transaction_hash": "0x83d4d224f9cc8c18a5f8fbdee706bc46c8e5f2e537c08ac24a8dd7005de274f2",
    "condition_id": "0xe4c65268d62785ca4d4d76da6f17a1386e228eb8997de3a69471258a5457da13",
    "bracket_low": 300,
    "bracket_high": 319
  },
  {
    "timestamp": 1772213345,
    "market_slug": "elon-musk-of-tweets-february-20-february-27-360-379",
    "event_slug": "elon-musk-of-tweets-february-20-february-27",
    "token_id": "8569579552272463031076945852514648181095570348937279584279807311397468175790",
    "outcome": "No",
    "side": "SELL",
    "price": 0.999,
    "size": 153.19,
    "transaction_hash": "0x90324d683b2bedf37be1c9ef7c5d754d62f9b2f8a9ddd607b162426c4d41b26a",
    "condition_id": "0x25870b54d0819f18cc5a1b24b28242576cc30ba7b55aa1b6fbe85fd6bcc42d0c",
    "bracket_low": 360,
    "bracket_high": 379
  },
  {
    "timestamp": 1772213335,
    "market_slug": "elon-musk-of-tweets-february-20-february-27-340-359",
    "event_slug": "elon-musk-of-tweets-february-20-february-27",
    "token_id": "87349203669054870916194424875989304073208254637234716979809453744268321294661",
    "outcome": "No",
    "side": "SELL",
    "price": 0.999,
    "size": 182.93,
    "transaction_hash": "0xaca40e87f630a81b8c8f6f4bfbe274aa58bb90a74b8d540d474f6103ce7e3285",
    "condition_id": "0xcfccc88efab064a1d0f7f106d410bdcbcd3bd39598d1a123acea420a790c5b94",
    "bracket_low": 340,
    "bracket_high": 359
  },
  {
    "timestamp": 1772213323,
    "market_slug": "elon-musk-of-tweets-february-20-february-27-320-339",
    "event_slug": "elon-musk-of-tweets-february-20-february-27",
    "token_id": "62198989035372736561708535875517516037611585058191011937278325126384543602513",
    "outcome": "No",
    "side": "SELL",
    "price": 0.999,
    "size": 232.01,
    "transaction_hash": "0x2cfef804f82b47c86d82b84efd5bc338e8f0d473e2eb50052480be246036211f",
    "condition_id": "0x07bb25076dbf7d611e95b2ac6adb7c2dd1a63d04b950168b9d5a9761b46e923c",
    "bracket_low": 320,
    "bracket_high": 339
  },
  {
    "timestamp": 1772213293,
    "market_slug": "elon-musk-of-tweets-february-20-february-27-300-319",
    "event_slug": "elon-musk-of-tweets-february-20-february-27",
    "token_id": "47036434198469552468789848098074459913764484580427930722015939868478403944958",
    "outcome": "Yes",
    "side": "SELL",
    "price": 0.999,
    "size": 7.81,
    "transaction_hash": "0xe4cd4494f30a855740b44fa82aebf68d900c51040757daadbe53e466ec8973ee",
    "condition_id": "0xe4c65268d62785ca4d4d76da6f17a1386e228eb8997de3a69471258a5457da13",
    "bracket_low": 300,
    "bracket_high": 319
  },
  {
    "timestamp": 1772213227,
    "market_slug": "elon-musk-of-tweets-february-20-february-27-300-319",
    "event_slug": "elon-musk-of-tweets-february-20-february-27",
    "token_id": "47036434198469552468789848098074459913764484580427930722015939868478403944958",
    "outcome": "Yes",
    "side": "SELL",
    "price": 0.999,
    "size": 68.95,
    "transaction_hash": "0xa5f5b577f2cfa554ab8e69c8380f0fa70180bf073ce0d8c9693ed9057380988e",
    "condition_id": "0xe4c65268d62785ca4d4d76da6f17a1386e228eb8997de3a69471258a5457da13",
    "bracket_low": 300,
    "bracket_high": 319
  },
  {
    "timestamp": 1772213107,
    "market_slug": "elon-musk-of-tweets-february-20-february-27-300-319",
    "event_slug": "elon-musk-of-tweets-february-20-february-27",
    "token_id": "47036434198469552468789848098074459913764484580427930722015939868478403944958",
    "outcome": "Yes",
    "side": "SELL",
    "price": 0.999,
    "size": 76.89,
    "transaction_hash": "0xe43a555349ab0b4f954769c7be85f881eccac4d0f656e667dc22fce3ae1c9ec7",
    "condition_id": "0xe4c65268d62785ca4d4d76da6f17a1386e228eb8997de3a69471258a5457da13",
    "bracket_low": 300,
    "bracket_high": 319
  },
  {
    "timestamp": 1772213047,
    "market_slug": "elon-musk-of-tweets-february-20-february-27-300-319",
    "event_slug": "elon-musk-of-tweets-february-20-february-27",
    "token_id": "47036434198469552468789848098074459913764484580427930722015939868478403944958",
    "outcome": "Yes",
    "side": "SELL",
    "price": 0.999,
    "size": 2,
    "transaction_hash": "0x78af8006499fe956cc94d4d5338c709975990321028bacbeb8fed9ffc09a7f5c",
