[
  {
    "timestamp": 1773772251,
    "market_slug": "elon-musk-of-tweets-march-10-march-17-260-279",
    "event_slug": "elon-musk-of-tweets-march-10-march-17",
    "token_id": "84386064634997594719136687810966288278612423632835059971492341841301495011187",
    "outcome": "No",
    "side": "SELL",
    "price": 0.999,
    "size": 31.41,
    "transaction_hash": "0x8436fb4deddc936f90bbba12e4034ed1a62a576b4a8818bae04069ad76999274",
    "condition_id": "0xfa799ade42e7020bf5338bdcb02074a6fd3018d784980fde0fe192dfcc67f340",
    "bracket_low": 260,
    "bracket_high": 279
  },
  {
    "timestamp": 1773772185,
    "market_slug": "elon-musk-of-tweets-march-10-march-17-260-279",
    "event_slug": "elon-musk-of-tweets-march-10-march-17",
    "token_id": "84386064634997594719136687810966288278612423632835059971492341841301495011187",
    "outcome": "No",
    "side": "SELL",
    "price": 0.999,
    "size": 52.98,
    "transaction_hash": "0x8764ed2eaa9773b088291fffbf1894289294b46b75333b86f4d1cfe288b4a8e6",
    "condition_id": "0xfa799ade42e7020bf5338bdcb02074a6fd3018d784980fde0fe192dfcc67f340",
    "bracket_low": 260,
    "bracket_high": 279
  },
  {
    "timestamp": 1773772041,
    "market_slug": "elon-musk-of-tweets-march-10-march-17-260-279",
    "event_slug": "elon-musk-of-tweets-march-10-march-17",
    "token_id": "84386064634997594719136687810966288278612423632835059971492341841301495011187",
    "outcome": "No",
    "side": "SELL",
    "price": 0.999,
    "size": 500,
    "transaction_hash": "0x5747a0367f14e306bc06a2a925acb6857ac11e0330bbdcb0ca686e0c931c09c7",
    "condition_id": "0xfa799ade42e7020bf5338bdcb02074a6fd3018d784980fde0fe192dfcc67f340",
    "bracket_low": 260,
    "bracket_high": 279
  },
  {
    "timestamp": 1773771723,
    "market_slug": "elon-musk-of-tweets-march-10-march-17-280-299",
    "event_slug": "elon-musk-of-tweets-march-10-march-17",
    "token_id": "18833962956432064993977930802628297115631103274489973529831537298194494092173",
    "outcome": "Yes",
    "side": "SELL",
    "price": 0.999,
    "size": 5.26,
    "transaction_hash": "0xab57c3d6bc2f744c6e81f4dd467afe5c91f7d2a1b89dac74ae1699f688e59ad9",
    "condition_id": "0xa41ffb5573c17a66a4e829084cb87f4df00eb41500dbdae08d6a4ad5be0f1fdc",
    "bracket_low": 280,
    "bracket_high": 299
  },
  {
    "timestamp": 1773771705,
    "market_slug": "elon-musk-of-tweets-march-10-march-17-260-279",
    "event_slug": "elon-musk-of-tweets-march-10-march-17",
    "token_id": "84386064634997594719136687810966288278612423632835059971492341841301495011187",
    "outcome": "No",
    "side": "SELL",
    "price": 0.999,
    "size": 121,
    "transaction_hash": "0xd0266e44a814cc28c04287a6a374d448c86c4ab30b2b6815dc8294fd152bd118",
    "condition_id": "0xfa799ade42e7020bf5338bdcb02074a6fd3018d784980fde0fe192dfcc67f340",
    "bracket_low": 260,
    "bracket_high": 279
  },
  {
    "timestamp": 1773771649,
    "market_slug": "elon-musk-of-tweets-march-10-march-17-280-299",
    "event_slug": "elon-musk-of-tweets-march-10-march-17",
    "token_id": "18833962956432064993977930802628297115631103274489973529831537298194494092173",
    "outcome": "Yes",
    "side": "SELL",
    "price": 0.999,
    "size": 2112,
    "transaction_hash": "0x0011ea9165b6b6b5b19f6c7c1a16eaf519ae69d15c6fbebf5c5c9acfdbe01e16",
    "condition_id": "0xa41ffb5573c17a66a4e829084cb87f4df00eb41500dbdae08d6a4ad5be0f1fdc",
    "bracket_low": 280,
    "bracket_high": 299
  },
  {
    "timestamp": 1773771585,
    "market_slug": "elon-musk-of-tweets-march-10-march-17-280-299",
    "event_slug": "elon-musk-of-tweets-march-10-march-17",
    "token_id": "18833962956432064993977930802628297115631103274489973529831537298194494092173",
    "outcome": "Yes",
    "side": "SELL",
    "price": 0.999,
    "size": 127.05,
    "transaction_hash": "0x9a2b539c3b611facd371a6432b0d5a72b67563616ceaed1e3a488221cd633049",
    "condition_id": "0xa41ffb5573c17a66a4e829084cb87f4df00eb41500dbdae08d6a4ad5be0f1fdc",
    "bracket_low": 280,
    "bracket_high": 299
  },
  {
    "timestamp": 1773771463,
    "market_slug": "elon-musk-of-tweets-march-10-march-17-340-359",
    "event_slug": "elon-musk-of-tweets-march-10-march-17",
    "token_id": "1305558767023460627953328361054569539687746282960074422203517112548486512086",
    "outcome": "Yes",
    "side": "BUY",
    "price": 0.001,
    "size": 500,
    "transaction_hash": "0x34b987b4ead31ae8a61c16a4288f9fefcaec6aae4148c84611a0b80de622efa4",
    "condition_id": "0x4d876fd615adc2ad0240c1cfdc4722fdd742b6277b2e172ce9d4ca1a9ee30784",
    "bracket_low": 340,
    "bracket_high": 359
  },
  {
    "timestamp": 1773771459,
    "market_slug": "elon-musk-of-tweets-march-10-march-17-340-359",
    "event_slug": "elon-musk-of-tweets-march-10-march-17",
    "token_id": "32839860842413644816039169530619617318604803927771302066401773556632487016058",
    "outcome": "No",
    "side": "SELL",
    "price": 0.999,
    "size": 4.02,
    "transaction_hash": "0x2dbe5ce5d84f37a67f27297f7be227d54887e4430a57043f33fdd89bc8bdf7f9",
    "condition_id": "0x4d876fd615adc2ad0240c1cfdc4722fdd742b6277b2e172ce9d4ca1a9ee30784",
    "bracket_low": 340,
    "bracket_high": 359
  },
  {
    "timestamp": 1773771247,
    "market_slug": "elon-musk-of-tweets-march-10-march-17-280-299",
    "event_slug": "elon-musk-of-tweets-march-10-march-17",
    "token_id": "18833962956432064993977930802628297115631103274489973529831537298194494092173",
    "outcome": "Yes",
    "side": "SELL",
    "price": 0.999,
    "size": 119.76,
    "transaction_hash": "0x8b8d8bf0540099039505d6ef65a91d05fb4cd3db772db94919e37b2bdfaf2ac0",
    "condition_id": "0xa41ffb5573c17a66a4e829084cb87f4df00eb41500dbdae08d6a4ad5be0f1fdc",
    "bracket_low": 280,
    "bracket_high": 299
  },
  {
    "timestamp": 1773771009,
    "market_slug": "elon-musk-of-tweets-march-10-march-17-280-299",
    "event_slug": "elon-musk-of-tweets-march-10-march-17",
    "token_id": "18833962956432064993977930802628297115631103274489973529831537298194494092173",
    "outcome": "Yes",
    "side": "SELL",
    "price": 0.999,
    "size": 2.77,
    "transaction_hash": "0x5e08114dc2ad732483ec77bb954eeff9559b4f4054b693071c7dd030b1b7aa54",
    "condition_id": "0xa41ffb5573c17a66a4e829084cb87f4df00eb41500dbdae08d6a4ad5be0f1fdc",
    "bracket_low": 280,
    "bracket_high": 299
  },
  {
    "timestamp": 1773770989,
    "market_slug": "elon-musk-of-tweets-march-10-march-17-280-299",
    "event_slug": "elon-musk-of-tweets-march-10-march-17",
    "token_id": "18833962956432064993977930802628297115631103274489973529831537298194494092173",
    "outcome": "Yes",
    "side": "SELL",
    "price": 0.999,
    "size": 166.66,
    "transaction_hash": "0x76b56766d4af54a2da796a2389d06a1ed615e34ab8ed78bcf32ee034224c4a08",
    "condition_id": "0xa41ffb5573c17a66a4e829084cb87f4df00eb41500dbdae08d6a4ad5be0f1fdc",
    "bracket_low": 280,
    "bracket_high": 299
  },
  {
    "timestamp": 1773770879,
    "market_slug": "elon-musk-of-tweets-march-10-march-17-280-299",
    "event_slug": "elon-musk-of-tweets-march-10-march-17",
    "token_id": "18833962956432064993977930802628297115631103274489973529831537298194494092173",
    "outcome": "Yes",
    "side": "SELL",
    "price": 0.999,
    "size": 4717.34,
    "transaction_hash": "0x20f8514758f9b71b4e0b36174dc076c8042ba656763805dadade76a5099ef2b3",
    "condition_id": "0xa41ffb5573c17a66a4e829084cb87f4df00eb41500dbdae08d6a4ad5be0f1fdc",
    "bracket_low": 280,
    "bracket_high": 299
  },
  {
    "timestamp": 1773770697,
    "market_slug": "elon-musk-of-tweets-march-10-march-17-280-299",
    "event_slug": "elon-musk-of-tweets-march-10-march-17",
    "token_id": "18833962956432064993977930802628297115631103274489973529831537298194494092173",
    "outcome": "Yes",
    "side": "SELL",
    "price": 0.999,
    "size": 100,
    "transaction_hash": "0xb8b05e3141f55289096b1657dacc2afd488886942b5832d7d5e482b15c499acf",
    "condition_id": "0xa41ffb5573c17a66a4e829084cb87f4df00eb41500dbdae08d6a4ad5be0f1fdc",
    "bracket_low": 280,
    "bracket_high": 299
  },
  {
    "timestamp": 1773770601,
    "market_slug": "elon-musk-of-tweets-march-10-march-17-260-279",
    "event_slug": "elon-musk-of-tweets-march-10-march-17",
    "token_id": "84386064634997594719136687810966288278612423632835059971492341841301495011187",
    "outcome": "No",
    "side": "SELL",
    "price": 0.999,
    "size": 13.05,
    "transaction_hash": "0x6faa763164c23958b11143d1698e5b5646e2b08897149ed65c0879ab6438d342",
    "condition_id": "0xfa799ade42e7020bf5338bdcb02074a6fd3018d784980fde0fe192dfcc67f340",
    "bracket_low": 260,
    "bracket_high": 279
  },
  {
    "timestamp": 1773770591,
    "market_slug": "elon-musk-of-tweets-march-10-march-17-280-299",
    "event_slug": "elon-musk-of-tweets-march-10-march-17",
    "token_id": "18833962956432064993977930802628297115631103274489973529831537298194494092173",
    "outcome": "Yes",
    "side": "SELL",
    "price": 0.999,
    "size": 55.54,
    "transaction_hash": "0xc186c431719ce8cf7865a6e64914f2cb42d9070dfd2e2974741925e88d61dc92",
    "condition_id": "0xa41ffb5573c17a66a4e829084cb87f4df00eb41500dbdae08d6a4ad5be0f1fdc",
    "bracket_low": 280,
    "bracket_high": 299
  },
  {
    "timestamp": 1773770531,
    "market_slug": "elon-musk-of-tweets-march-10-march-17-280-299",
    "event_slug": "elon-musk-of-tweets-march-10-march-17",
    "token_id": "18833962956432064993977930802628297115631103274489973529831537298194494092173",
    "outcome": "Yes",
    "side": "SELL",
    "price": 0.999,
    "size": 1078.17,
    "transaction_hash": "0x000e29f19eb755d11d1c6f80f03b228fbbd10c8a5194fb466d8cb3f77a892ac7",
    "condition_id": "0xa41ffb5573c17a66a4e829084cb87f4df00eb41500dbdae08d6a4ad5be0f1fdc",
    "bracket_low": 280,
    "bracket_high": 299
  },
  {
    "timestamp": 1773770497,
    "market_slug": "elon-musk-of-tweets-march-10-march-17-260-279",
    "event_slug": "elon-musk-of-tweets-march-10-march-17",
    "token_id": "84386064634997594719136687810966288278612423632835059971492341841301495011187",
    "outcome": "No",
    "side": "SELL",
    "price": 0.999,
    "size": 17458.38,
    "transaction_hash": "0xc8fcd8c00e26fc8d9d47b1ddc75f79a46404a703b4424209509ffa9acfc2ab47",
    "condition_id": "0xfa799ade42e7020bf5338bdcb02074a6fd3018d784980fde0fe192dfcc67f340",
    "bracket_low": 260,
    "bracket_high": 279
  },
  {
    "timestamp": 1773770359,
    "market_slug": "elon-musk-of-tweets-march-10-march-17-280-299",
    "event_slug": "elon-musk-of-tweets-march-10-march-17",
    "token_id": "18833962956432064993977930802628297115631103274489973529831537298194494092173",
    "outcome": "Yes",
    "side": "SELL",
    "price": 0.999,
    "size": 20.68,
    "transaction_hash": "0x8f5154b3568a19c2faaafe3d8608fda5d48a810468df249c82dc5b5fa9953649",
    "condition_id": "0xa41ffb5573c17a66a4e829084cb87f4df00eb41500dbdae08d6a4ad5be0f1fdc",
    "bracket_low": 280,
    "bracket_high": 299
  },
  {
    "timestamp": 1773770311,
    "market_slug": "elon-musk-of-tweets-march-10-march-17-280-299",
    "event_slug": "elon-musk-of-tweets-march-10-march-17",
    "token_id": "18833962956432064993977930802628297115631103274489973529831537298194494092173",
    "outcome": "Yes",
    "side": "SELL",
    "price": 0.999,
    "size": 89.56,
    "transaction_hash": "0x3d1e86685c3522088bda4d7e2e27f3fcf8abccea69bff9fe50bcd3906c3f47a6",
    "condition_id": "0xa41ffb5573c17a66a4e829084cb87f4df00eb41500dbdae08d6a4ad5be0f1fdc",
    "bracket_low": 280,
    "bracket_high": 299
  },
  {
    "timestamp": 1773770259,
    "market_slug": "elon-musk-of-tweets-march-10-march-17-280-299",
    "event_slug": "elon-musk-of-tweets-march-10-march-17",
    "token_id": "18833962956432064993977930802628297115631103274489973529831537298194494092173",
    "outcome": "Yes",
    "side": "SELL",
    "price": 0.999,
    "size": 13.04,
    "transaction_hash": "0x0a7b679d13b57485df7b013ac1a94c115da9b58fd0a7ab2e1441ca26f6ebe64a",
    "condition_id": "0xa41ffb5573c17a66a4e829084cb87f4df00eb41500dbdae08d6a4ad5be0f1fdc",
    "bracket_low": 280,
    "bracket_high": 299
  },
  {
    "timestamp": 1773770049,
    "market_slug": "elon-musk-of-tweets-march-10-march-17-300-319",
    "event_slug": "elon-musk-of-tweets-march-10-march-17",
    "token_id": "14278044075836452770067475613214205678862362710136973113707178823213800359544",
    "outcome": "No",
    "side": "SELL",
    "price": 0.999,
    "size": 164.2,
    "transaction_hash": "0x4a73984825e8ec73104944545b6210e7e4a76c40c741c3f5fd66468d17d7cd29",
    "condition_id": "0x3b09ac16b3fbd686419733e74ff549a4f4c0b59e6db73c5ad2791f55d23e7b2a",
    "bracket_low": 300,
    "bracket_high": 319
  },
  {
    "timestamp": 1773770019,
    "market_slug": "elon-musk-of-tweets-march-10-march-17-280-299",
    "event_slug": "elon-musk-of-tweets-march-10-march-17",
    "token_id": "18833962956432064993977930802628297115631103274489973529831537298194494092173",
    "outcome": "Yes",
    "side": "SELL",
    "price": 0.999,
    "size": 496.69,
    "transaction_hash": "0x1a8917f9ff1b1329f775320de264e815711495f40403db9bd2725fac4ffeae4d",
    "condition_id": "0xa41ffb5573c17a66a4e829084cb87f4df00eb41500dbdae08d6a4ad5be0f1fdc",
    "bracket_low": 280,
    "bracket_high": 299
  },
  {
    "timestamp": 1773769957,
    "market_slug": "elon-musk-of-tweets-march-10-march-17-280-299",
    "event_slug": "elon-musk-of-tweets-march-10-march-17",
    "token_id": "18833962956432064993977930802628297115631103274489973529831537298194494092173",
    "outcome": "Yes",
    "side": "SELL",
    "price": 0.999,
    "size": 26.15,
    "transaction_hash": "0x59da8e0139db2b9b9709e48d71535a04ae129b228680d9c38cad34cf623e36d3",
    "condition_id": "0xa41ffb5573c17a66a4e829084cb87f4df00eb41500dbdae08d6a4ad5be0f1fdc",
    "bracket_low": 280,
    "bracket_high": 299
  },
  {
    "timestamp": 1773769955,
    "market_slug": "elon-musk-of-tweets-march-10-march-17-360-379",
    "event_slug": "elon-musk-of-tweets-march-10-march-17",
    "token_id": "14165355077626486376953547029469675111109756205829227119581647747950660881131",
    "outcome": "No",
    "side": "SELL",
    "price": 0.999,
    "size": 3000,
    "transaction_hash": "0x5aa7efe367996a4b2bf87e300125b57f16c8d688872dab509d68839a0d256f6c",
    "condition_id": "0x5f5a8ab0764f4dfd66ddbfff2606d07b5c9b778e4dc0ae3bc2924a9d2e12b1f7",
    "bracket_low": 360,
    "bracket_high": 379
  },
  {
    "timestamp": 1773769619,
    "market_slug": "elon-musk-of-tweets-march-10-march-17-280-299",
    "event_slug": "elon-musk-of-tweets-march-10-march-17",
    "token_id": "18833962956432064993977930802628297115631103274489973529831537298194494092173",
    "outcome": "Yes",
    "side": "SELL",
    "price": 0.999,
    "size": 435.19,
    "transaction_hash": "0x699c7c4ce99fc7a780cf5381e07617ec8249e57aece88e4f910c844cff6c2d2d",
    "condition_id": "0xa41ffb5573c17a66a4e829084cb87f4df00eb41500dbdae08d6a4ad5be0f1fdc",
    "bracket_low": 280,
    "bracket_high": 299
  },
  {
    "timestamp": 1773769597,
    "market_slug": "elon-musk-of-tweets-march-10-march-17-360-379",
    "event_slug": "elon-musk-of-tweets-march-10-march-17",
    "token_id": "14165355077626486376953547029469675111109756205829227119581647747950660881131",
    "outcome": "No",
    "side": "SELL",
    "price": 0.999,
    "size": 5000,
    "transaction_hash": "0xb2c45abd83593ad879789536af4df7a91e40a29af3110340256abb079fc4b4ca",
    "condition_id": "0x5f5a8ab0764f4dfd66ddbfff2606d07b5c9b778e4dc0ae3bc2924a9d2e12b1f7",
    "bracket_low": 360,
    "bracket_high": 379
  },
  {
    "timestamp": 1773769593,
    "market_slug": "elon-musk-of-tweets-march-10-march-17-280-299",
    "event_slug": "elon-musk-of-tweets-march-10-march-17",
    "token_id": "18833962956432064993977930802628297115631103274489973529831537298194494092173",
    "outcome": "Yes",
    "side": "SELL",
    "price": 0.999,
    "size": 57.03,
    "transaction_hash": "0x8a8ed2d7654b3916d566dd232d77a5642787a10f6a67f6685f9639649cc34f93",
    "condition_id": "0xa41ffb5573c17a66a4e829084cb87f4df00eb41500dbdae08d6a4ad5be0f1fdc",
    "bracket_low": 280,
    "bracket_high": 299
  },
  {
    "timestamp": 1773769569,
    "market_slug": "elon-musk-of-tweets-march-10-march-17-300-319",
    "event_slug": "elon-musk-of-tweets-march-10-march-17",
    "token_id": "14278044075836452770067475613214205678862362710136973113707178823213800359544",
    "outcome": "No",
    "side": "SELL",
    "price": 0.999,
    "size": 6.15,
    "transaction_hash": "0xeb9d85fe7e49e516c4d1062363210d2e15a76e37423582b7b66f11dc5ef1448f",
    "condition_id": "0x3b09ac16b3fbd686419733e74ff549a4f4c0b59e6db73c5ad2791f55d23e7b2a",
    "bracket_low": 300,
    "bracket_high": 319
  },
  {
    "timestamp": 1773769557,
    "market_slug": "elon-musk-of-tweets-march-10-march-17-280-299",
    "event_slug": "elon-musk-of-tweets-march-10-march-17",
    "token_id": "18833962956432064993977930802628297115631103274489973529831537298194494092173",
    "outcome": "Yes",
    "side": "SELL",
    "price": 0.999,
    "size": 1099.81,
    "transaction_hash": "0x98ee9df7ec7ceca5ba66ed1e673ed8d3bd114e5b05b9b77a93214e9140d686c6",
    "condition_id": "0xa41ffb5573c17a66a4e829084cb87f4df00eb41500dbdae08d6a4ad5be0f1fdc",
    "bracket_low": 280,
    "bracket_high": 299
  },
  {
    "timestamp": 1773769383,
    "market_slug": "elon-musk-of-tweets-march-10-march-17-280-299",
    "event_slug": "elon-musk-of-tweets-march-10-march-17",
    "token_id": "18833962956432064993977930802628297115631103274489973529831537298194494092173",
    "outcome": "Yes",
    "side": "SELL",
    "price": 0.999,
    "size": 81.03,
    "transaction_hash": "0xde32bc699d0378fd5933cb50f0469470eef1b9df1b4a28acc2a7f41c9615ab0f",
    "condition_id": "0xa41ffb5573c17a66a4e829084cb87f4df00eb41500dbdae08d6a4ad5be0f1fdc",
    "bracket_low": 280,
    "bracket_high": 299
  },
  {
    "timestamp": 1773769341,
    "market_slug": "elon-musk-of-tweets-march-10-march-17-280-299",
    "event_slug": "elon-musk-of-tweets-march-10-march-17",
    "token_id": "18833962956432064993977930802628297115631103274489973529831537298194494092173",
    "outcome": "Yes",
    "side": "SELL",
    "price": 0.999,
    "size": 41.66,
    "transaction_hash": "0xa773b38bc2bbb25deab2cffa2b8f2e86c0ea06d3728eb9ae435330bc3948c6ea",
    "condition_id": "0xa41ffb5573c17a66a4e829084cb87f4df00eb41500dbdae08d6a4ad5be0f1fdc",
    "bracket_low": 280,
    "bracket_high": 299
  },
  {
    "timestamp": 1773769273,
    "market_slug": "elon-musk-of-tweets-march-10-march-17-320-339",
    "event_slug": "elon-musk-of-tweets-march-10-march-17",
    "token_id": "59313975380578774378884761569977041131837424526802358443275663501272878111648",
    "outcome": "No",
    "side": "SELL",
    "price": 0.999,
    "size": 4,
    "transaction_hash": "0xaae1eac5c81c5d4b6f7470c4d70d737e5ec2f493d8ad652156213c289457b01f",
    "condition_id": "0xa8467c034b599376bb5afc7a26f4d5e813b78a629f6164d39dcc0c1accc8395c",
    "bracket_low": 320,
    "bracket_high": 339
  },
  {
    "timestamp": 1773769159,
    "market_slug": "elon-musk-of-tweets-march-10-march-17-300-319",
    "event_slug": "elon-musk-of-tweets-march-10-march-17",
    "token_id": "14278044075836452770067475613214205678862362710136973113707178823213800359544",
    "outcome": "No",
    "side": "SELL",
    "price": 0.999,
    "size": 20,
    "transaction_hash": "0x300d376a7ba560172e48dfe127e20a2e13dd784efc9461d0b3783e8cf28c2fc3",
    "condition_id": "0x3b09ac16b3fbd686419733e74ff549a4f4c0b59e6db73c5ad2791f55d23e7b2a",
    "bracket_low": 300,
    "bracket_high": 319
  },
  {
    "timestamp": 1773769151,
    "market_slug": "elon-musk-of-tweets-march-10-march-17-300-319",
    "event_slug": "elon-musk-of-tweets-march-10-march-17",
    "token_id": "14278044075836452770067475613214205678862362710136973113707178823213800359544",
    "outcome": "No",
    "side": "SELL",
    "price": 0.999,
    "size": 6.81,
    "transaction_hash": "0x5a6f0a04cc2c941ce38a720849352687cee4e4359b69b9161cc6f099042f032c",
    "condition_id": "0x3b09ac16b3fbd686419733e74ff549a4f4c0b59e6db73c5ad2791f55d23e7b2a",
    "bracket_low": 300,
    "bracket_high": 319
  },
  {
    "timestamp": 1773769087,
    "market_slug": "elon-musk-of-tweets-march-10-march-17-280-299",
    "event_slug": "elon-musk-of-tweets-march-10-march-17",
    "token_id": "18833962956432064993977930802628297115631103274489973529831537298194494092173",
    "outcome": "Yes",
    "side": "SELL",
    "price": 0.999,
    "size": 99,
    "transaction_hash": "0x8c03237cd219cda65e438427dc5bd9c224fe789b1b8b2ea856260e990347ae55",
    "condition_id": "0xa41ffb5573c17a66a4e829084cb87f4df00eb41500dbdae08d6a4ad5be0f1fdc",
    "bracket_low": 280,
    "bracket_high": 299
  },
  {
    "timestamp": 1773768969,
    "market_slug": "elon-musk-of-tweets-march-10-march-17-280-299",
    "event_slug": "elon-musk-of-tweets-march-10-march-17",
    "token_id": "18833962956432064993977930802628297115631103274489973529831537298194494092173",
    "outcome": "Yes",
    "side": "SELL",
    "price": 0.999,
    "size": 40,
    "transaction_hash": "0x25ed15a89e3b948761885415aee14e9ecbdd2fd978c159263a1c2250a7457394",
    "condition_id": "0xa41ffb5573c17a66a4e829084cb87f4df00eb41500dbdae08d6a4ad5be0f1fdc",
    "bracket_low": 280,
    "bracket_high": 299
  },
  {
    "timestamp": 1773768883,
    "market_slug": "elon-musk-of-tweets-march-10-march-17-300-319",
    "event_slug": "elon-musk-of-tweets-march-10-march-17",
    "token_id": "14278044075836452770067475613214205678862362710136973113707178823213800359544",
    "outcome": "No",
    "side": "SELL",
    "price": 0.999,
    "size": 526.31,
    "transaction_hash": "0xfa5c3daab9589f1f88bccb00b5b8535c0bdea661e103a38f46aaf5cc8be22fe7",
    "condition_id": "0x3b09ac16b3fbd686419733e74ff549a4f4c0b59e6db73c5ad2791f55d23e7b2a",
    "bracket_low": 300,
    "bracket_high": 319
  },
  {
    "timestamp": 1773768821,
    "market_slug": "elon-musk-of-tweets-march-10-march-17-360-379",
    "event_slug": "elon-musk-of-tweets-march-10-march-17",
    "token_id": "14165355077626486376953547029469675111109756205829227119581647747950660881131",
    "outcome": "No",
    "side": "SELL",
    "price": 0.999,
    "size": 2000,
    "transaction_hash": "0x8ecad0e2d47efb435524377cc6aea4e6cec16c595b166ef4fbde1ebd0d8c1bd0",
    "condition_id": "0x5f5a8ab0764f4dfd66ddbfff2606d07b5c9b778e4dc0ae3bc2924a9d2e12b1f7",
    "bracket_low": 360,
    "bracket_high": 379
  },
  {
    "timestamp": 1773768773,
    "market_slug": "elon-musk-of-tweets-march-10-march-17-280-299",
    "event_slug": "elon-musk-of-tweets-march-10-march-17",
    "token_id": "18833962956432064993977930802628297115631103274489973529831537298194494092173",
    "outcome": "Yes",
    "side": "SELL",
    "price": 0.999,
    "size": 14.28,
    "transaction_hash": "0xac79fc0c76abfeb5a2a783960f97b7a5c77b6953c479e31b6af5c2efd54900b7",
    "condition_id": "0xa41ffb5573c17a66a4e829084cb87f4df00eb41500dbdae08d6a4ad5be0f1fdc",
    "bracket_low": 280,
    "bracket_high": 299
  },
  {
    "timestamp": 1773768657,
    "market_slug": "elon-musk-of-tweets-march-10-march-17-280-299",
    "event_slug": "elon-musk-of-tweets-march-10-march-17",
    "token_id": "18833962956432064993977930802628297115631103274489973529831537298194494092173",
    "outcome": "Yes",
    "side": "SELL",
    "price": 0.999,
    "size": 16.67,
    "transaction_hash": "0x87f8efed1f4bd125ad3a875401280f62875529e3d48cfec04bf3a1ce094c5a28",
    "condition_id": "0xa41ffb5573c17a66a4e829084cb87f4df00eb41500dbdae08d6a4ad5be0f1fdc",
    "bracket_low": 280,
    "bracket_high": 299
  },
  {
    "timestamp": 1773768603,
    "market_slug": "elon-musk-of-tweets-march-10-march-17-280-299",
    "event_slug": "elon-musk-of-tweets-march-10-march-17",
    "token_id": "18833962956432064993977930802628297115631103274489973529831537298194494092173",
    "outcome": "Yes",
    "side": "SELL",
    "price": 0.999,
    "size": 11.11,
    "transaction_hash": "0x19b92eebcaaad4cc9347f870d9e4e84a2182215a24ac2ffb4e6b478eea762cd5",
    "condition_id": "0xa41ffb5573c17a66a4e829084cb87f4df00eb41500dbdae08d6a4ad5be0f1fdc",
    "bracket_low": 280,
    "bracket_high": 299
  },
  {
    "timestamp": 1773768555,
    "market_slug": "elon-musk-of-tweets-march-10-march-17-280-299",
    "event_slug": "elon-musk-of-tweets-march-10-march-17",
    "token_id": "18833962956432064993977930802628297115631103274489973529831537298194494092173",
    "outcome": "Yes",
    "side": "SELL",
    "price": 0.999,
    "size": 20,
    "transaction_hash": "0x8ba863849385ae2e2063f74077b9c0b885306267a0edba64992d15e23951bb1c",
    "condition_id": "0xa41ffb5573c17a66a4e829084cb87f4df00eb41500dbdae08d6a4ad5be0f1fdc",
    "bracket_low": 280,
    "bracket_high": 299
  },
  {
    "timestamp": 1773768541,
    "market_slug": "elon-musk-of-tweets-march-10-march-17-280-299",
    "event_slug": "elon-musk-of-tweets-march-10-march-17",
    "token_id": "18833962956432064993977930802628297115631103274489973529831537298194494092173",
    "outcome": "Yes",
    "side": "SELL",
    "price": 0.999,
    "size": 2.94,
    "transaction_hash": "0x82fe5b9bc899120740252f9aaaf8c171d7a797281d9f75e001d928d5b635901a",
    "condition_id": "0xa41ffb5573c17a66a4e829084cb87f4df00eb41500dbdae08d6a4ad5be0f1fdc",
    "bracket_low": 280,
    "bracket_high": 299
  },
  {
    "timestamp": 1773768519,
    "market_slug": "elon-musk-of-tweets-march-10-march-17-280-299",
    "event_slug": "elon-musk-of-tweets-march-10-march-17",
    "token_id": "18833962956432064993977930802628297115631103274489973529831537298194494092173",
    "outcome": "Yes",
    "side": "SELL",
    "price": 0.999,
    "size": 216.66,
    "transaction_hash": "0xb5718a7d4fa79c6fd5ab3560d8f73858856aa34aca18afd3222a71050e197189",
    "condition_id": "0xa41ffb5573c17a66a4e829084cb87f4df00eb41500dbdae08d6a4ad5be0f1fdc",
    "bracket_low": 280,
    "bracket_high": 299
  },
  {
    "timestamp": 1773768505,
    "market_slug": "elon-musk-of-tweets-march-10-march-17-280-299",
    "event_slug": "elon-musk-of-tweets-march-10-march-17",
    "token_id": "18833962956432064993977930802628297115631103274489973529831537298194494092173",
    "outcome": "Yes",
    "side": "SELL",
    "price": 0.999,
    "size": 15,
    "transaction_hash": "0x9b43f9ae643f89b82338eb2dca0c30607258e0ab439b41f9508c1bb4a731f1bc",
    "condition_id": "0xa41ffb5573c17a66a4e829084cb87f4df00eb41500dbdae08d6a4ad5be0f1fdc",
    "bracket_low": 280,
    "bracket_high": 299
  },
  {
    "timestamp": 1773768497,
    "market_slug": "elon-musk-of-tweets-march-10-march-17-260-279",
    "event_slug": "elon-musk-of-tweets-march-10-march-17",
    "token_id": "84386064634997594719136687810966288278612423632835059971492341841301495011187",
    "outcome": "No",
    "side": "SELL",
    "price": 0.999,
    "size": 15,
    "transaction_hash": "0x0b2f559ad4cbd1fa4cbba05aac71770f4d1a31a14d605cf03214f6414e1ea68b",
    "condition_id": "0xfa799ade42e7020bf5338bdcb02074a6fd3018d784980fde0fe192dfcc67f340",
    "bracket_low": 260,
    "bracket_high": 279
  },
  {
    "timestamp": 1773768459,
    "market_slug": "elon-musk-of-tweets-march-10-march-17-280-299",
    "event_slug": "elon-musk-of-tweets-march-10-march-17",
    "token_id": "18833962956432064993977930802628297115631103274489973529831537298194494092173",
    "outcome": "Yes",
    "side": "SELL",
    "price": 0.999,
    "size": 14.7,
    "transaction_hash": "0x7480b0bdf6e683268ee04b0dedda7f6948e7dc8e58a05489397043264aba6800",
    "condition_id": "0xa41ffb5573c17a66a4e829084cb87f4df00eb41500dbdae08d6a4ad5be0f1fdc",
    "bracket_low": 280,
    "bracket_high": 299
  },
  {
    "timestamp": 1773768421,
    "market_slug": "elon-musk-of-tweets-march-10-march-17-280-299",
    "event_slug": "elon-musk-of-tweets-march-10-march-17",
    "token_id": "18833962956432064993977930802628297115631103274489973529831537298194494092173",
    "outcome": "Yes",
    "side": "SELL",
    "price": 0.999,
    "size": 26.28,
    "transaction_hash": "0x5097fbaa84daa876348cdcb4710ea10bfb3ef1587d937135c5b91d41c539d9e5",
    "condition_id": "0xa41ffb5573c17a66a4e829084cb87f4df00eb41500dbdae08d6a4ad5be0f1fdc",
    "bracket_low": 280,
    "bracket_high": 299
  },
  {
    "timestamp": 1773768169,
    "market_slug": "elon-musk-of-tweets-march-10-march-17-280-299",
    "event_slug": "elon-musk-of-tweets-march-10-march-17",
    "token_id": "18833962956432064993977930802628297115631103274489973529831537298194494092173",
    "outcome": "Yes",
    "side": "SELL",
    "price": 0.999,
    "size": 6,
    "transaction_hash": "0xac1c395f008db8a8e1fb19beac8c3be6fad7c1532a643282c791f78285ba1f3a",
    "condition_id": "0xa41ffb5573c17a66a4e829084cb87f4df00eb41500dbdae08d6a4ad5be0f1fdc",
    "bracket_low": 280,
    "bracket_high": 299
  },
  {
    "timestamp": 1773768153,
    "market_slug": "elon-musk-of-tweets-march-10-march-17-280-299",
    "event_slug": "elon-musk-of-tweets-march-10-march-17",
    "token_id": "18833962956432064993977930802628297115631103274489973529831537298194494092173",
    "outcome": "Yes",
    "side": "SELL",
    "price": 0.999,
    "size": 384.61,
    "transaction_hash": "0xfefeb3d1f7a455e7288a9c4de7d586aa3f060f90e73bcc7de475483075691502",
    "condition_id": "0xa41ffb5573c17a66a4e829084cb87f4df00eb41500dbdae08d6a4ad5be0f1fdc",
    "bracket_low": 280,
    "bracket_high": 299
  },
  {
    "timestamp": 1773768105,
    "market_slug": "elon-musk-of-tweets-march-10-march-17-260-279",
    "event_slug": "elon-musk-of-tweets-march-10-march-17",
    "token_id": "84386064634997594719136687810966288278612423632835059971492341841301495011187",
    "outcome": "No",
    "side": "SELL",
    "price": 0.999,
    "size": 55.99,
    "transaction_hash": "0x4b3ff20bb81db6db3db76fcb69bd77ec1e8168f1f28464b1e5aa5d6dfb6504a8",
    "condition_id": "0xfa799ade42e7020bf5338bdcb02074a6fd3018d784980fde0fe192dfcc67f340",
    "bracket_low": 260,
    "bracket_high": 279
  },
  {
    "timestamp": 1773768025,
    "market_slug": "elon-musk-of-tweets-march-10-march-17-280-299",
    "event_slug": "elon-musk-of-tweets-march-10-march-17",
    "token_id": "18833962956432064993977930802628297115631103274489973529831537298194494092173",
    "outcome": "Yes",
    "side": "SELL",
    "price": 0.999,
    "size": 14.29,
    "transaction_hash": "0x4b551acdda6418ade98c21e5b846029f10ac7ef61ced0aaa9aa9f5af92e72849",
    "condition_id": "0xa41ffb5573c17a66a4e829084cb87f4df00eb41500dbdae08d6a4ad5be0f1fdc",
    "bracket_low": 280,
    "bracket_high": 299
  },
  {
    "timestamp": 1773767995,
    "market_slug": "elon-musk-of-tweets-march-10-march-17-300-319",
    "event_slug": "elon-musk-of-tweets-march-10-march-17",
    "token_id": "14278044075836452770067475613214205678862362710136973113707178823213800359544",
    "outcome": "No",
    "side": "SELL",
    "price": 0.999,
    "size": 298.15,
    "transaction_hash": "0xc2be873bf03521f445e1814560e8caf30d5f00fc6f07e16138df6ac640ac9e2a",
    "condition_id": "0x3b09ac16b3fbd686419733e74ff549a4f4c0b59e6db73c5ad2791f55d23e7b2a",
    "bracket_low": 300,
    "bracket_high": 319
  },
  {
    "timestamp": 1773767969,
    "market_slug": "elon-musk-of-tweets-march-10-march-17-260-279",
    "event_slug": "elon-musk-of-tweets-march-10-march-17",
    "token_id": "84386064634997594719136687810966288278612423632835059971492341841301495011187",
    "outcome": "No",
    "side": "SELL",
    "price": 0.999,
    "size": 329.97,
    "transaction_hash": "0xcba57c3e17ed7932fdd59979dcc1873af5b1c59e5768facce2ce19f077037080",
    "condition_id": "0xfa799ade42e7020bf5338bdcb02074a6fd3018d784980fde0fe192dfcc67f340",
    "bracket_low": 260,
    "bracket_high": 279
  },
  {
    "timestamp": 1773767821,
    "market_slug": "elon-musk-of-tweets-march-10-march-17-280-299",
    "event_slug": "elon-musk-of-tweets-march-10-march-17",
    "token_id": "18833962956432064993977930802628297115631103274489973529831537298194494092173",
    "outcome": "Yes",
    "side": "SELL",
    "price": 0.999,
    "size": 234.57,
    "transaction_hash": "0x97b09687c556d069271ddc709c730cbd52a74414ec62554f60332ada3ebe5360",
    "condition_id": "0xa41ffb5573c17a66a4e829084cb87f4df00eb41500dbdae08d6a4ad5be0f1fdc",
    "bracket_low": 280,
    "bracket_high": 299
  },
  {
    "timestamp": 1773767821,
    "market_slug": "elon-musk-of-tweets-march-10-march-17-300-319",
    "event_slug": "elon-musk-of-tweets-march-10-march-17",
    "token_id": "14278044075836452770067475613214205678862362710136973113707178823213800359544",
    "outcome": "No",
    "side": "SELL",
    "price": 0.999,
    "size": 26.51,
    "transaction_hash": "0xa10bd2a2baeda169be58a12c17c8db0c49eb457a2450744f584642fdc62f8948",
    "condition_id": "0x3b09ac16b3fbd686419733e74ff549a4f4c0b59e6db73c5ad2791f55d23e7b2a",
    "bracket_low": 300,
    "bracket_high": 319
  },
  {
    "timestamp": 1773767813,
    "market_slug": "elon-musk-of-tweets-march-10-march-17-280-299",
    "event_slug": "elon-musk-of-tweets-march-10-march-17",
    "token_id": "18833962956432064993977930802628297115631103274489973529831537298194494092173",
    "outcome": "Yes",
    "side": "SELL",
    "price": 0.999,
    "size": 23.7,
    "transaction_hash": "0x86f45f29a9ce70d1e1d49e41b3c5f513a098dcfa88257e915f764f6ceecdf758",
    "condition_id": "0xa41ffb5573c17a66a4e829084cb87f4df00eb41500dbdae08d6a4ad5be0f1fdc",
    "bracket_low": 280,
    "bracket_high": 299
  },
  {
    "timestamp": 1773767813,
    "market_slug": "elon-musk-of-tweets-march-10-march-17-340-359",
    "event_slug": "elon-musk-of-tweets-march-10-march-17",
    "token_id": "32839860842413644816039169530619617318604803927771302066401773556632487016058",
    "outcome": "No",
    "side": "SELL",
    "price": 0.999,
    "size": 11.9,
    "transaction_hash": "0x5472a3741677b99f2c835c676b4ef348e3462081e8fbf34b8241b1fd2d4cafe6",
    "condition_id": "0x4d876fd615adc2ad0240c1cfdc4722fdd742b6277b2e172ce9d4ca1a9ee30784",
    "bracket_low": 340,
    "bracket_high": 359
  },
  {
    "timestamp": 1773767805,
    "market_slug": "elon-musk-of-tweets-march-10-march-17-360-379",
    "event_slug": "elon-musk-of-tweets-march-10-march-17",
    "token_id": "14165355077626486376953547029469675111109756205829227119581647747950660881131",
    "outcome": "No",
    "side": "SELL",
    "price": 0.999,
    "size": 11.11,
    "transaction_hash": "0x4c5ecfd94b70fc4a55a184f2ee51c918bd8bdae6230476ef20eec120385dad6a",
    "condition_id": "0x5f5a8ab0764f4dfd66ddbfff2606d07b5c9b778e4dc0ae3bc2924a9d2e12b1f7",
    "bracket_low": 360,
    "bracket_high": 379
  },
  {
    "timestamp": 1773767797,
    "market_slug": "elon-musk-of-tweets-march-10-march-17-300-319",
    "event_slug": "elon-musk-of-tweets-march-10-march-17",
    "token_id": "14278044075836452770067475613214205678862362710136973113707178823213800359544",
    "outcome": "No",
    "side": "SELL",
    "price": 0.999,
    "size": 500,
    "transaction_hash": "0x82fba2d4767251ea97fe0cf98850428b27f93b21c4251697163c6dca7bfcc715",
    "condition_id": "0x3b09ac16b3fbd686419733e74ff549a4f4c0b59e6db73c5ad2791f55d23e7b2a",
    "bracket_low": 300,
    "bracket_high": 319
  },
  {
    "timestamp": 1773767793,
    "market_slug": "elon-musk-of-tweets-march-10-march-17-320-339",
    "event_slug": "elon-musk-of-tweets-march-10-march-17",
    "token_id": "59313975380578774378884761569977041131837424526802358443275663501272878111648",
    "outcome": "No",
    "side": "SELL",
    "price": 0.999,
    "size": 30.63,
    "transaction_hash": "0x555c150180a433e997a7975d7222335bbcde4d8fec1b8ed46bcdec887817ac1a",
    "condition_id": "0xa8467c034b599376bb5afc7a26f4d5e813b78a629f6164d39dcc0c1accc8395c",
    "bracket_low": 320,
    "bracket_high": 339
  },
  {
    "timestamp": 1773767771,
    "market_slug": "elon-musk-of-tweets-march-10-march-17-280-299",
    "event_slug": "elon-musk-of-tweets-march-10-march-17",
    "token_id": "18833962956432064993977930802628297115631103274489973529831537298194494092173",
    "outcome": "Yes",
    "side": "SELL",
    "price": 0.999,
    "size": 1.76,
    "transaction_hash": "0xe5ae50a77d932abb5a7947ade1df217c6261fc90891aeb7be15bec188180fa0e",
    "condition_id": "0xa41ffb5573c17a66a4e829084cb87f4df00eb41500dbdae08d6a4ad5be0f1fdc",
    "bracket_low": 280,
    "bracket_high": 299
  },
  {
    "timestamp": 1773767737,
    "market_slug": "elon-musk-of-tweets-march-10-march-17-280-299",
    "event_slug": "elon-musk-of-tweets-march-10-march-17",
    "token_id": "18833962956432064993977930802628297115631103274489973529831537298194494092173",
    "outcome": "Yes",
    "side": "SELL",
    "price": 0.999,
    "size": 453.49,
    "transaction_hash": "0xe8d031de0c0ba5f09399503862b113da36c5d4f29a9311c88654749e975be842",
    "condition_id": "0xa41ffb5573c17a66a4e829084cb87f4df00eb41500dbdae08d6a4ad5be0f1fdc",
    "bracket_low": 280,
    "bracket_high": 299
  },
  {
    "timestamp": 1773767549,
    "market_slug": "elon-musk-of-tweets-march-10-march-17-260-279",
    "event_slug": "elon-musk-of-tweets-march-10-march-17",
    "token_id": "84386064634997594719136687810966288278612423632835059971492341841301495011187",
    "outcome": "No",
    "side": "SELL",
    "price": 0.999,
    "size": 161.27,
    "transaction_hash": "0xb5fb29b5fc6410d27406b2cf668ed5d7edde6bcaf5dd85d24882e2537d6d0cff",
    "condition_id": "0xfa799ade42e7020bf5338bdcb02074a6fd3018d784980fde0fe192dfcc67f340",
    "bracket_low": 260,
    "bracket_high": 279
  },
  {
    "timestamp": 1773767503,
    "market_slug": "elon-musk-of-tweets-march-10-march-17-320-339",
    "event_slug": "elon-musk-of-tweets-march-10-march-17",
    "token_id": "59313975380578774378884761569977041131837424526802358443275663501272878111648",
    "outcome": "No",
    "side": "SELL",
    "price": 0.999,
    "size": 1,
    "transaction_hash": "0xf331e5c6fa0ca9d8288cdc436cd1c0f6034bfa529d44a7e5829bf2d464a94b58",
    "condition_id": "0xa8467c034b599376bb5afc7a26f4d5e813b78a629f6164d39dcc0c1accc8395c",
    "bracket_low": 320,
    "bracket_high": 339
  },
  {
    "timestamp": 1773767453,
    "market_slug": "elon-musk-of-tweets-march-10-march-17-320-339",
    "event_slug": "elon-musk-of-tweets-march-10-march-17",
    "token_id": "50363639283504254187100610983033886598186908446537958522780359920291250994826",
    "outcome": "Yes",
    "side": "BUY",
    "price": 0.001,
    "size": 500,
    "transaction_hash": "0x44b66a148bc6831951a87e98a3c45afd43442116cde7cdcc33cc41302a39ed82",
    "condition_id": "0xa8467c034b599376bb5afc7a26f4d5e813b78a629f6164d39dcc0c1accc8395c",
    "bracket_low": 320,
    "bracket_high": 339
  },
  {
    "timestamp": 1773767403,
    "market_slug": "elon-musk-of-tweets-march-10-march-17-260-279",
    "event_slug": "elon-musk-of-tweets-march-10-march-17",
    "token_id": "84386064634997594719136687810966288278612423632835059971492341841301495011187",
    "outcome": "No",
    "side": "SELL",
    "price": 0.999,
    "size": 25.98,
    "transaction_hash": "0x251f751f6a68b5e9540ad952e30d8882abd1671728209e3dba51888259c33fc8",
    "condition_id": "0xfa799ade42e7020bf5338bdcb02074a6fd3018d784980fde0fe192dfcc67f340",
    "bracket_low": 260,
    "bracket_high": 279
  },
  {
    "timestamp": 1773767327,
    "market_slug": "elon-musk-of-tweets-march-10-march-17-340-359",
    "event_slug": "elon-musk-of-tweets-march-10-march-17",
    "token_id": "32839860842413644816039169530619617318604803927771302066401773556632487016058",
    "outcome": "No",
    "side": "SELL",
    "price": 0.999,
    "size": 1102.2,
    "transaction_hash": "0x2ab54b6fbf2120c6720c1c35d7f8105142fcb83834c3b401ea3490378b874a7e",
    "condition_id": "0x4d876fd615adc2ad0240c1cfdc4722fdd742b6277b2e172ce9d4ca1a9ee30784",
    "bracket_low": 340,
    "bracket_high": 359
  },
  {
    "timestamp": 1773767271,
    "market_slug": "elon-musk-of-tweets-march-10-march-17-280-299",
    "event_slug": "elon-musk-of-tweets-march-10-march-17",
    "token_id": "18833962956432064993977930802628297115631103274489973529831537298194494092173",
    "outcome": "Yes",
    "side": "SELL",
    "price": 0.999,
    "size": 2.33,
    "transaction_hash": "0x182b3fd1f5ac1d917ad6303b59dbf582018e556ee1cc9d65c550508aad66d560",
    "condition_id": "0xa41ffb5573c17a66a4e829084cb87f4df00eb41500dbdae08d6a4ad5be0f1fdc",
    "bracket_low": 280,
    "bracket_high": 299
  },
  {
    "timestamp": 1773767263,
    "market_slug": "elon-musk-of-tweets-march-10-march-17-280-299",
    "event_slug": "elon-musk-of-tweets-march-10-march-17",
    "token_id": "18833962956432064993977930802628297115631103274489973529831537298194494092173",
    "outcome": "Yes",
    "side": "SELL",
    "price": 0.999,
    "size": 269.08,
    "transaction_hash": "0x656482e8f992c78e27c3c2e728c5befd09f1f3dac3445ca24e8565aad906cc3e",
    "condition_id": "0xa41ffb5573c17a66a4e829084cb87f4df00eb41500dbdae08d6a4ad5be0f1fdc",
    "bracket_low": 280,
    "bracket_high": 299
  },
  {
    "timestamp": 1773767251,
    "market_slug": "elon-musk-of-tweets-march-10-march-17-280-299",
    "event_slug": "elon-musk-of-tweets-march-10-march-17",
    "token_id": "18833962956432064993977930802628297115631103274489973529831537298194494092173",
    "outcome": "Yes",
    "side": "SELL",
    "price": 0.999,
    "size": 5.87,
    "transaction_hash": "0x010379d1f3046071b6c2aed4b04602c5426947bb94c375fe89b5da982a6f4b4c",
    "condition_id": "0xa41ffb5573c17a66a4e829084cb87f4df00eb41500dbdae08d6a4ad5be0f1fdc",
    "bracket_low": 280,
    "bracket_high": 299
  },
  {
    "timestamp": 1773767237,
    "market_slug": "elon-musk-of-tweets-march-10-march-17-280-299",
    "event_slug": "elon-musk-of-tweets-march-10-march-17",
    "token_id": "18833962956432064993977930802628297115631103274489973529831537298194494092173",
    "outcome": "Yes",
    "side": "SELL",
    "price": 0.999,
    "size": 94.59,
    "transaction_hash": "0xe6ebca88522b2a9f18da3462bbb061b1ffe03a0ac699ec461c45a41d6b89ded8",
    "condition_id": "0xa41ffb5573c17a66a4e829084cb87f4df00eb41500dbdae08d6a4ad5be0f1fdc",
    "bracket_low": 280,
    "bracket_high": 299
  },
  {
    "timestamp": 1773767213,
    "market_slug": "elon-musk-of-tweets-march-10-march-17-320-339",
    "event_slug": "elon-musk-of-tweets-march-10-march-17",
    "token_id": "59313975380578774378884761569977041131837424526802358443275663501272878111648",
    "outcome": "No",
    "side": "SELL",
    "price": 0.999,
    "size": 1107.75,
    "transaction_hash": "0x837d8a6938a7f83c2c07f39e35b94c7659f76c90e2c02045565215b0a1101e77",
    "condition_id": "0xa8467c034b599376bb5afc7a26f4d5e813b78a629f6164d39dcc0c1accc8395c",
    "bracket_low": 320,
    "bracket_high": 339
  },
  {
    "timestamp": 1773767209,
    "market_slug": "elon-musk-of-tweets-march-10-march-17-280-299",
    "event_slug": "elon-musk-of-tweets-march-10-march-17",
    "token_id": "18833962956432064993977930802628297115631103274489973529831537298194494092173",
    "outcome": "Yes",
    "side": "SELL",
    "price": 0.999,
    "size": 35.72,
    "transaction_hash": "0xf5476813f3b2a1a4338b32d59033b6148da27a342bbff9ef42aa09e14a690f37",
    "condition_id": "0xa41ffb5573c17a66a4e829084cb87f4df00eb41500dbdae08d6a4ad5be0f1fdc",
    "bracket_low": 280,
    "bracket_high": 299
  },
  {
    "timestamp": 1773767097,
    "market_slug": "elon-musk-of-tweets-march-10-march-17-280-299",
    "event_slug": "elon-musk-of-tweets-march-10-march-17",
    "token_id": "18833962956432064993977930802628297115631103274489973529831537298194494092173",
    "outcome": "Yes",
    "side": "SELL",
    "price": 0.999,
    "size": 51.92,
    "transaction_hash": "0x7e3aedc6a6808d8f4cd1fa973fd7f9f16fc177a041a2602d874d800aac46e69d",
    "condition_id": "0xa41ffb5573c17a66a4e829084cb87f4df00eb41500dbdae08d6a4ad5be0f1fdc",
    "bracket_low": 280,
    "bracket_high": 299
  },
  {
    "timestamp": 1773767081,
    "market_slug": "elon-musk-of-tweets-march-10-march-17-280-299",
    "event_slug": "elon-musk-of-tweets-march-10-march-17",
    "token_id": "18833962956432064993977930802628297115631103274489973529831537298194494092173",
    "outcome": "Yes",
    "side": "SELL",
    "price": 0.999,
    "size": 25,
    "transaction_hash": "0x604494855333b0a0056451a45fbc389dd1ddcadcd1a6e2aa8e4e1b5d2a7d4187",
    "condition_id": "0xa41ffb5573c17a66a4e829084cb87f4df00eb41500dbdae08d6a4ad5be0f1fdc",
    "bracket_low": 280,
    "bracket_high": 299
  },
  {
    "timestamp": 1773767077,
    "market_slug": "elon-musk-of-tweets-march-10-march-17-320-339",
    "event_slug": "elon-musk-of-tweets-march-10-march-17",
    "token_id": "59313975380578774378884761569977041131837424526802358443275663501272878111648",
    "outcome": "No",
    "side": "SELL",
    "price": 0.999,
    "size": 1008.05,
    "transaction_hash": "0xb11c8950efa7cc569e60e427160f4358b327fdaae5737013d8521eaf51cd37e6",
    "condition_id": "0xa8467c034b599376bb5afc7a26f4d5e813b78a629f6164d39dcc0c1accc8395c",
    "bracket_low": 320,
    "bracket_high": 339
  },
  {
    "timestamp": 1773767033,
    "market_slug": "elon-musk-of-tweets-march-10-march-17-340-359",
    "event_slug": "elon-musk-of-tweets-march-10-march-17",
    "token_id": "1305558767023460627953328361054569539687746282960074422203517112548486512086",
    "outcome": "Yes",
    "side": "BUY",
    "price": 0.001,
    "size": 500,
    "transaction_hash": "0x252bb631b2c1e95d12e2a87cd30d0f88a604f6b6f645e22d567c6b692915ffa3",
    "condition_id": "0x4d876fd615adc2ad0240c1cfdc4722fdd742b6277b2e172ce9d4ca1a9ee30784",
    "bracket_low": 340,
    "bracket_high": 359
  },
  {
    "timestamp": 1773766967,
    "market_slug": "elon-musk-of-tweets-march-10-march-17-300-319",
    "event_slug": "elon-musk-of-tweets-march-10-march-17",
    "token_id": "14278044075836452770067475613214205678862362710136973113707178823213800359544",
    "outcome": "No",
    "side": "SELL",
    "price": 0.999,
    "size": 1244.27,
    "transaction_hash": "0x93362334324ff81d58d2418ae8c2fe7d82ca788f1ecf977891ce1c170caf5fd3",
    "condition_id": "0x3b09ac16b3fbd686419733e74ff549a4f4c0b59e6db73c5ad2791f55d23e7b2a",
    "bracket_low": 300,
    "bracket_high": 319
  },
  {
    "timestamp": 1773766915,
    "market_slug": "elon-musk-of-tweets-march-10-march-17-280-299",
    "event_slug": "elon-musk-of-tweets-march-10-march-17",
    "token_id": "18833962956432064993977930802628297115631103274489973529831537298194494092173",
    "outcome": "Yes",
    "side": "SELL",
    "price": 0.999,
    "size": 205.95,
    "transaction_hash": "0x42efbf867ac2952fa7fa69452d460f5e654fb5335ee9e724204fe75d97b51d10",
    "condition_id": "0xa41ffb5573c17a66a4e829084cb87f4df00eb41500dbdae08d6a4ad5be0f1fdc",
    "bracket_low": 280,
    "bracket_high": 299
  },
  {
    "timestamp": 1773766903,
    "market_slug": "elon-musk-of-tweets-march-10-march-17-280-299",
    "event_slug": "elon-musk-of-tweets-march-10-march-17",
    "token_id": "18833962956432064993977930802628297115631103274489973529831537298194494092173",
    "outcome": "Yes",
    "side": "SELL",
    "price": 0.999,
    "size": 38.5,
    "transaction_hash": "0xd47d514c2abda70384080118844513525bfe2df4e13466956ede69951212b601",
    "condition_id": "0xa41ffb5573c17a66a4e829084cb87f4df00eb41500dbdae08d6a4ad5be0f1fdc",
    "bracket_low": 280,
    "bracket_high": 299
  },
  {
    "timestamp": 1773766901,
    "market_slug": "elon-musk-of-tweets-march-10-march-17-280-299",
    "event_slug": "elon-musk-of-tweets-march-10-march-17",
    "token_id": "18833962956432064993977930802628297115631103274489973529831537298194494092173",
    "outcome": "Yes",
    "side": "SELL",
    "price": 0.999,
    "size": 10.97,
    "transaction_hash": "0xb623dfda067425742b1dc638f57ad16b402dd3869ff558f4c627f5c024099528",
    "condition_id": "0xa41ffb5573c17a66a4e829084cb87f4df00eb41500dbdae08d6a4ad5be0f1fdc",
    "bracket_low": 280,
    "bracket_high": 299
  },
  {
    "timestamp": 1773766891,
    "market_slug": "elon-musk-of-tweets-march-10-march-17-280-299",
    "event_slug": "elon-musk-of-tweets-march-10-march-17",
    "token_id": "18833962956432064993977930802628297115631103274489973529831537298194494092173",
    "outcome": "Yes",
    "side": "SELL",
    "price": 0.999,
    "size": 7.47,
    "transaction_hash": "0x73e1f433125e41f9ef6fa53db5d843a31f2cfc754419228db3d4b8818738c97b",
    "condition_id": "0xa41ffb5573c17a66a4e829084cb87f4df00eb41500dbdae08d6a4ad5be0f1fdc",
    "bracket_low": 280,
    "bracket_high": 299
  },
  {
    "timestamp": 1773766881,
    "market_slug": "elon-musk-of-tweets-march-10-march-17-300-319",
    "event_slug": "elon-musk-of-tweets-march-10-march-17",
    "token_id": "14278044075836452770067475613214205678862362710136973113707178823213800359544",
    "outcome": "No",
    "side": "SELL",
    "price": 0.999,
    "size": 0.82,
    "transaction_hash": "0xad4dbf5f103d5030f65931b64ef4b05a1dfef489fed44ad612c232908d1138b1",
    "condition_id": "0x3b09ac16b3fbd686419733e74ff549a4f4c0b59e6db73c5ad2791f55d23e7b2a",
    "bracket_low": 300,
    "bracket_high": 319
  },
  {
    "timestamp": 1773766825,
    "market_slug": "elon-musk-of-tweets-march-10-march-17-260-279",
    "event_slug": "elon-musk-of-tweets-march-10-march-17",
    "token_id": "84386064634997594719136687810966288278612423632835059971492341841301495011187",
    "outcome": "No",
    "side": "SELL",
    "price": 0.999,
    "size": 15.13,
    "transaction_hash": "0xc95317d2cca485bdd9b4719f123c3660969f026f663801e6da5e18067ef195c5",
    "condition_id": "0xfa799ade42e7020bf5338bdcb02074a6fd3018d784980fde0fe192dfcc67f340",
    "bracket_low": 260,
    "bracket_high": 279
  },
  {
    "timestamp": 1773766819,
    "market_slug": "elon-musk-of-tweets-march-10-march-17-280-299",
    "event_slug": "elon-musk-of-tweets-march-10-march-17",
    "token_id": "18833962956432064993977930802628297115631103274489973529831537298194494092173",
    "outcome": "Yes",
    "side": "SELL",
    "price": 0.999,
    "size": 3.44,
    "transaction_hash": "0xac769f5ea293c4e8bf8ac0619320ffc33dee035cab0d083d539116abf0eba304",
    "condition_id": "0xa41ffb5573c17a66a4e829084cb87f4df00eb41500dbdae08d6a4ad5be0f1fdc",
    "bracket_low": 280,
    "bracket_high": 299
  },
  {
    "timestamp": 1773766753,
    "market_slug": "elon-musk-of-tweets-march-10-march-17-300-319",
    "event_slug": "elon-musk-of-tweets-march-10-march-17",
    "token_id": "14278044075836452770067475613214205678862362710136973113707178823213800359544",
    "outcome": "No",
    "side": "SELL",
    "price": 0.999,
    "size": 0.16,
    "transaction_hash": "0x139c61091d5e5b58549d0c10e34ff9e748d9bbd61f420d3b8a623bf3146c460a",
    "condition_id": "0x3b09ac16b3fbd686419733e74ff549a4f4c0b59e6db73c5ad2791f55d23e7b2a",
    "bracket_low": 300,
    "bracket_high": 319
  },
  {
    "timestamp": 1773766737,
    "market_slug": "elon-musk-of-tweets-march-10-march-17-260-279",
    "event_slug": "elon-musk-of-tweets-march-10-march-17",
    "token_id": "84386064634997594719136687810966288278612423632835059971492341841301495011187",
    "outcome": "No",
    "side": "SELL",
    "price": 0.999,
    "size": 0.36,
    "transaction_hash": "0x5cb20c71856eaa86bd2781ab7fab47912b120c2275150721c296318b58157997",
    "condition_id": "0xfa799ade42e7020bf5338bdcb02074a6fd3018d784980fde0fe192dfcc67f340",
    "bracket_low": 260,
    "bracket_high": 279
  },
  {
    "timestamp": 1773766729,
    "market_slug": "elon-musk-of-tweets-march-10-march-17-580plus",
    "event_slug": "elon-musk-of-tweets-march-10-march-17",
    "token_id": "42306868501815284333300770707663283690193018242300394176539412485523658874712",
    "outcome": "No",
    "side": "SELL",
    "price": 0.999,
    "size": 0.58,
    "transaction_hash": "0xb980aea45ba4dc5432d2ba826229235a27b201e5d9f3c2c410e0fd7f45ceada4",
    "condition_id": "0xd5113a3680e1a159d8dab3efc68a55214f7ba7c7b3868826a6aa5cd2da7549d2",
    "bracket_low": 580,
    "bracket_high": null
  },
  {
    "timestamp": 1773766727,
    "market_slug": "elon-musk-of-tweets-march-10-march-17-280-299",
    "event_slug": "elon-musk-of-tweets-march-10-march-17",
    "token_id": "18833962956432064993977930802628297115631103274489973529831537298194494092173",
    "outcome": "Yes",
    "side": "SELL",
    "price": 0.999,
    "size": 27.77,
    "transaction_hash": "0xd7eb0de65b545f6d6a61507a96e580fa3fbd7bdaca50aa2361340f84961de365",
    "condition_id": "0xa41ffb5573c17a66a4e829084cb87f4df00eb41500dbdae08d6a4ad5be0f1fdc",
    "bracket_low": 280,
    "bracket_high": 299
  },
  {
    "timestamp": 1773766723,
    "market_slug": "elon-musk-of-tweets-march-10-march-17-380-399",
    "event_slug": "elon-musk-of-tweets-march-10-march-17",
    "token_id": "8517563430126867195318217254027468382010046168267097546677750041623252628032",
    "outcome": "No",
    "side": "SELL",
    "price": 0.999,
    "size": 0.74,
    "transaction_hash": "0x0f8236f1f2f5db31de16b447d5483c0a1a9122129c95a1e2d7965ca58bbf2558",
    "condition_id": "0x35208067b7b6135c25a55094a01e58657ffc50923531631d9b78bcbbac966c5f",
    "bracket_low": 380,
    "bracket_high": 399
  },
  {
    "timestamp": 1773766707,
    "market_slug": "elon-musk-of-tweets-march-10-march-17-340-359",
    "event_slug": "elon-musk-of-tweets-march-10-march-17",
    "token_id": "32839860842413644816039169530619617318604803927771302066401773556632487016058",
    "outcome": "No",
    "side": "SELL",
    "price": 0.999,
    "size": 0.77,
    "transaction_hash": "0x632fc012d170b5749776a5813c5865ffcfa0063f08df379211fd3ac742d6bcfa",
    "condition_id": "0x4d876fd615adc2ad0240c1cfdc4722fdd742b6277b2e172ce9d4ca1a9ee30784",
    "bracket_low": 340,
    "bracket_high": 359
  },
  {
    "timestamp": 1773766699,
    "market_slug": "elon-musk-of-tweets-march-10-march-17-360-379",
    "event_slug": "elon-musk-of-tweets-march-10-march-17",
    "token_id": "14165355077626486376953547029469675111109756205829227119581647747950660881131",
    "outcome": "No",
    "side": "SELL",
    "price": 0.999,
    "size": 0.88,
    "transaction_hash": "0xf630c4b5043648fff1817001525377daa2475232187b5bf5fa0325afd69d2965",
    "condition_id": "0x5f5a8ab0764f4dfd66ddbfff2606d07b5c9b778e4dc0ae3bc2924a9d2e12b1f7",
    "bracket_low": 360,
    "bracket_high": 379
  },
  {
    "timestamp": 1773766693,
    "market_slug": "elon-musk-of-tweets-march-10-march-17-400-419",
    "event_slug": "elon-musk-of-tweets-march-10-march-17",
    "token_id": "61488015028510626154756105483729726094839868225925243276127675855497788949056",
    "outcome": "No",
    "side": "SELL",
    "price": 0.999,
    "size": 0.89,
    "transaction_hash": "0x3817bbdef5c9e37a2995d6bc46b0fb6268abc6cbccb431f04886f81441392641",
    "condition_id": "0x2b44bf9753f7ceb3808876bf21839840971d83794664b85d3b1e7496ec4db1a7",
    "bracket_low": 400,
    "bracket_high": 419
  },
  {
    "timestamp": 1773766683,
    "market_slug": "elon-musk-of-tweets-march-10-march-17-320-339",
    "event_slug": "elon-musk-of-tweets-march-10-march-17",
    "token_id": "59313975380578774378884761569977041131837424526802358443275663501272878111648",
    "outcome": "No",
    "side": "SELL",
    "price": 0.999,
    "size": 0.97,
    "transaction_hash": "0x207663ae421084273a4e07babfe993375bddb81e2eecf5d000fd901ef28f68d3",
    "condition_id": "0xa8467c034b599376bb5afc7a26f4d5e813b78a629f6164d39dcc0c1accc8395c",
    "bracket_low": 320,
    "bracket_high": 339
  },
  {
    "timestamp": 1773766667,
    "market_slug": "elon-musk-of-tweets-march-10-march-17-280-299",
    "event_slug": "elon-musk-of-tweets-march-10-march-17",
    "token_id": "18833962956432064993977930802628297115631103274489973529831537298194494092173",
    "outcome": "Yes",
    "side": "SELL",
    "price": 0.999,
    "size": 1.29,
    "transaction_hash": "0x623d06b813aa8d31740b0f8f21e52f023947a923e53c3a2084cf16af8c5637a9",
    "condition_id": "0xa41ffb5573c17a66a4e829084cb87f4df00eb41500dbdae08d6a4ad5be0f1fdc",
    "bracket_low": 280,
    "bracket_high": 299
  },
  {
    "timestamp": 1773766663,
    "market_slug": "elon-musk-of-tweets-march-10-march-17-420-439",
    "event_slug": "elon-musk-of-tweets-march-10-march-17",
    "token_id": "26685025254115163961503995086069985038752059889175498324780172189107254817804",
    "outcome": "No",
    "side": "SELL",
    "price": 0.999,
    "size": 1.52,
    "transaction_hash": "0x78d7a3d6751aa460044258648cdf82939d27fa45d76cf22581d22d7ead6ec23c",
    "condition_id": "0x8bc3267ccfa9d9ad8a21d33b659a92edfc502f03cac743a9799be460fe6f97ad",
    "bracket_low": 420,
    "bracket_high": 439
  },
  {
    "timestamp": 1773766635,
    "market_slug": "elon-musk-of-tweets-march-10-march-17-280-299",
    "event_slug": "elon-musk-of-tweets-march-10-march-17",
    "token_id": "18833962956432064993977930802628297115631103274489973529831537298194494092173",
    "outcome": "Yes",
    "side": "SELL",
    "price": 0.999,
    "size": 3.7,
    "transaction_hash": "0x5546c96caf8b45502c754f38f74f776679f234cdf21c74e254db4b65a183b792",
    "condition_id": "0xa41ffb5573c17a66a4e829084cb87f4df00eb41500dbdae08d6a4ad5be0f1fdc",
    "bracket_low": 280,
    "bracket_high": 299
  },
  {
    "timestamp": 1773766623,
    "market_slug": "elon-musk-of-tweets-march-10-march-17-360-379",
    "event_slug": "elon-musk-of-tweets-march-10-march-17",
    "token_id": "14165355077626486376953547029469675111109756205829227119581647747950660881131",
    "outcome": "No",
    "side": "SELL",
    "price": 0.999,
    "size": 1023.02,
    "transaction_hash": "0x39f5963069289540a38bd4121459e1431bc5705139fbec96c5d73ae1a619bd1e",
    "condition_id": "0x5f5a8ab0764f4dfd66ddbfff2606d07b5c9b778e4dc0ae3bc2924a9d2e12b1f7",
    "bracket_low": 360,
    "bracket_high": 379
  },
  {
    "timestamp": 1773766569,
    "market_slug": "elon-musk-of-tweets-march-10-march-17-280-299",
    "event_slug": "elon-musk-of-tweets-march-10-march-17",
    "token_id": "18833962956432064993977930802628297115631103274489973529831537298194494092173",
    "outcome": "Yes",
    "side": "SELL",
    "price": 0.999,
    "size": 1500.95,
    "transaction_hash": "0xb64e1805cfa8000271a846b2a5f36f4617820b2b8b01d832e1e5e9ffdc494052",
    "condition_id": "0xa41ffb5573c17a66a4e829084cb87f4df00eb41500dbdae08d6a4ad5be0f1fdc",
    "bracket_low": 280,
    "bracket_high": 299
  },
  {
    "timestamp": 1773766557,
    "market_slug": "elon-musk-of-tweets-march-10-march-17-300-319",
    "event_slug": "elon-musk-of-tweets-march-10-march-17",
    "token_id": "14278044075836452770067475613214205678862362710136973113707178823213800359544",
    "outcome": "No",
    "side": "SELL",
    "price": 0.999,
    "size": 500,
    "transaction_hash": "0xc747dfc35b81f5a3bd8b285a2b9b13cce1e45ebeea38a4a85455de1640e37a25",
    "condition_id": "0x3b09ac16b3fbd686419733e74ff549a4f4c0b59e6db73c5ad2791f55d23e7b2a",
    "bracket_low": 300,
    "bracket_high": 319
  },
  {
    "timestamp": 1773766525,
    "market_slug": "elon-musk-of-tweets-march-10-march-17-280-299",
    "event_slug": "elon-musk-of-tweets-march-10-march-17",
    "token_id": "18833962956432064993977930802628297115631103274489973529831537298194494092173",
    "outcome": "Yes",
    "side": "SELL",
    "price": 0.999,
    "size": 26.78,
    "transaction_hash": "0x0b8803a77903923888c7d078a62888750a46d203a44b22a048271538692e613a",
    "condition_id": "0xa41ffb5573c17a66a4e829084cb87f4df00eb41500dbdae08d6a4ad5be0f1fdc",
    "bracket_low": 280,
    "bracket_high": 299
  },
  {
    "timestamp": 1773766519,
    "market_slug": "elon-musk-of-tweets-march-10-march-17-320-339",
    "event_slug": "elon-musk-of-tweets-march-10-march-17",
    "token_id": "50363639283504254187100610983033886598186908446537958522780359920291250994826",
    "outcome": "Yes",
    "side": "BUY",
    "price": 0.001,
    "size": 500,
    "transaction_hash": "0x1b650b23cb3838843407ccfefaad1bc25aaa51c83e46429b09d31ba691e8ce9c",
    "condition_id": "0xa8467c034b599376bb5afc7a26f4d5e813b78a629f6164d39dcc0c1accc8395c",
    "bracket_low": 320,
    "bracket_high": 339
  },
  {
    "timestamp": 1773766415,
    "market_slug": "elon-musk-of-tweets-march-10-march-17-280-299",
    "event_slug": "elon-musk-of-tweets-march-10-march-17",
    "token_id": "18833962956432064993977930802628297115631103274489973529831537298194494092173",
    "outcome": "Yes",
    "side": "SELL",
    "price": 0.999,
    "size": 20,
    "transaction_hash": "0xdba50da11398b9f76ffc8e54a7183d6979ec97a43c6066c407f09fdde6d36b99",
    "condition_id": "0xa41ffb5573c17a66a4e829084cb87f4df00eb41500dbdae08d6a4ad5be0f1fdc",
    "bracket_low": 280,
    "bracket_high": 299
  },
  {
    "timestamp": 1773766355,
    "market_slug": "elon-musk-of-tweets-march-10-march-17-300-319",
    "event_slug": "elon-musk-of-tweets-march-10-march-17",
    "token_id": "14278044075836452770067475613214205678862362710136973113707178823213800359544",
    "outcome": "No",
    "side": "SELL",
    "price": 0.999,
    "size": 29.91,
    "transaction_hash": "0x9d304689f073e126888823fa1e7e821b8966ee0eea250ddeba7a1d90c21f001c",
    "condition_id": "0x3b09ac16b3fbd686419733e74ff549a4f4c0b59e6db73c5ad2791f55d23e7b2a",
    "bracket_low": 300,
    "bracket_high": 319
  },
  {
    "timestamp": 1773766333,
    "market_slug": "elon-musk-of-tweets-march-10-march-17-280-299",
    "event_slug": "elon-musk-of-tweets-march-10-march-17",
    "token_id": "18833962956432064993977930802628297115631103274489973529831537298194494092173",
    "outcome": "Yes",
    "side": "SELL",
    "price": 0.999,
    "size": 1646.75,
    "transaction_hash": "0xb7b645e47042eedb330850ff775c3588e252b9d528e162a4819be349abd1c6a2",
    "condition_id": "0xa41ffb5573c17a66a4e829084cb87f4df00eb41500dbdae08d6a4ad5be0f1fdc",
    "bracket_low": 280,
    "bracket_high": 299
  },
  {
    "timestamp": 1773766327,
    "market_slug": "elon-musk-of-tweets-march-10-march-17-280-299",
    "event_slug": "elon-musk-of-tweets-march-10-march-17",
    "token_id": "18833962956432064993977930802628297115631103274489973529831537298194494092173",
    "outcome": "Yes",
    "side": "SELL",
    "price": 0.999,
    "size": 600,
    "transaction_hash": "0xabe8d680f5b36cb0ca6894740f28d27c484319a6f8eb7353df47f5d5d504de95",
    "condition_id": "0xa41ffb5573c17a66a4e829084cb87f4df00eb41500dbdae08d6a4ad5be0f1fdc",
    "bracket_low": 280,
    "bracket_high": 299
  },
  {
    "timestamp": 1773766293,
    "market_slug": "elon-musk-of-tweets-march-10-march-17-280-299",
    "event_slug": "elon-musk-of-tweets-march-10-march-17",
    "token_id": "18833962956432064993977930802628297115631103274489973529831537298194494092173",
    "outcome": "Yes",
    "side": "SELL",
    "price": 0.999,
    "size": 692.35,
    "transaction_hash": "0x581191691eec890ddc0c48499643c26c187d74a51980161211fe646ee6c5376f",
    "condition_id": "0xa41ffb5573c17a66a4e829084cb87f4df00eb41500dbdae08d6a4ad5be0f1fdc",
    "bracket_low": 280,
    "bracket_high": 299
  },
  {
    "timestamp": 1773766197,
    "market_slug": "elon-musk-of-tweets-march-10-march-17-280-299",
    "event_slug": "elon-musk-of-tweets-march-10-march-17",
    "token_id": "18833962956432064993977930802628297115631103274489973529831537298194494092173",
    "outcome": "Yes",
    "side": "SELL",
    "price": 0.999,
    "size": 499.99,
    "transaction_hash": "0x3a03898b6c9d10e6c069b8ce22d8d938ad4a6071e548eb3b6dcba19691f1644e",
    "condition_id": "0xa41ffb5573c17a66a4e829084cb87f4df00eb41500dbdae08d6a4ad5be0f1fdc",
    "bracket_low": 280,
    "bracket_high": 299
  },
  {
    "timestamp": 1773766003,
    "market_slug": "elon-musk-of-tweets-march-10-march-17-280-299",
    "event_slug": "elon-musk-of-tweets-march-10-march-17",
    "token_id": "18833962956432064993977930802628297115631103274489973529831537298194494092173",
    "outcome": "Yes",
    "side": "SELL",
    "price": 0.999,
    "size": 49.54,
    "transaction_hash": "0x3cf54caddded51eb387ea2ccb46ff917604d990c581ccd85d9d7b7b4d90cbb0b",
    "condition_id": "0xa41ffb5573c17a66a4e829084cb87f4df00eb41500dbdae08d6a4ad5be0f1fdc",
    "bracket_low": 280,
    "bracket_high": 299
  },
  {
    "timestamp": 1773765869,
    "market_slug": "elon-musk-of-tweets-march-10-march-17-280-299",
    "event_slug": "elon-musk-of-tweets-march-10-march-17",
    "token_id": "18833962956432064993977930802628297115631103274489973529831537298194494092173",
    "outcome": "Yes",
    "side": "SELL",
    "price": 0.999,
    "size": 4679.11,
    "transaction_hash": "0xd7fc6f19a123e172968f202ebf3f2fc720b36f02f8baefe91b26d730f84d53d4",
    "condition_id": "0xa41ffb5573c17a66a4e829084cb87f4df00eb41500dbdae08d6a4ad5be0f1fdc",
    "bracket_low": 280,
    "bracket_high": 299
  },
  {
    "timestamp": 1773765819,
    "market_slug": "elon-musk-of-tweets-march-10-march-17-300-319",
    "event_slug": "elon-musk-of-tweets-march-10-march-17",
    "token_id": "14278044075836452770067475613214205678862362710136973113707178823213800359544",
    "outcome": "No",
    "side": "SELL",
    "price": 0.999,
    "size": 100,
    "transaction_hash": "0x40c7316e27787b77873a1bcdb1f4d7fbfc7dda3adb851f8d7dcdffc27d960181",
    "condition_id": "0x3b09ac16b3fbd686419733e74ff549a4f4c0b59e6db73c5ad2791f55d23e7b2a",
    "bracket_low": 300,
    "bracket_high": 319
  },
  {
    "timestamp": 1773765749,
    "market_slug": "elon-musk-of-tweets-march-10-march-17-280-299",
    "event_slug": "elon-musk-of-tweets-march-10-march-17",
    "token_id": "18833962956432064993977930802628297115631103274489973529831537298194494092173",
    "outcome": "Yes",
    "side": "SELL",
    "price": 0.999,
    "size": 13.5,
    "transaction_hash": "0xbcbd7602853d6fcabd94e20c8e6ff5b1cc9f7014ec1955398f709fd11cbc4d9e",
    "condition_id": "0xa41ffb5573c17a66a4e829084cb87f4df00eb41500dbdae08d6a4ad5be0f1fdc",
    "bracket_low": 280,
    "bracket_high": 299
  },
  {
    "timestamp": 1773765737,
    "market_slug": "elon-musk-of-tweets-march-10-march-17-280-299",
    "event_slug": "elon-musk-of-tweets-march-10-march-17",
    "token_id": "18833962956432064993977930802628297115631103274489973529831537298194494092173",
    "outcome": "Yes",
    "side": "SELL",
    "price": 0.999,
    "size": 290.37,
    "transaction_hash": "0xa13857415d2f78ab4cf2cf2c638ed91cb54efe294b687ab22dfc4ee724d4bbbe",
    "condition_id": "0xa41ffb5573c17a66a4e829084cb87f4df00eb41500dbdae08d6a4ad5be0f1fdc",
    "bracket_low": 280,
    "bracket_high": 299
  },
  {
    "timestamp": 1773765693,
    "market_slug": "elon-musk-of-tweets-march-10-march-17-300-319",
    "event_slug": "elon-musk-of-tweets-march-10-march-17",
    "token_id": "14278044075836452770067475613214205678862362710136973113707178823213800359544",
    "outcome": "No",
    "side": "SELL",
    "price": 0.999,
    "size": 1675.48,
    "transaction_hash": "0x1bae46b65c2d5e2041e482604eb40ab9f483577a32c82065e5aea3ba8ed6ef37",
    "condition_id": "0x3b09ac16b3fbd686419733e74ff549a4f4c0b59e6db73c5ad2791f55d23e7b2a",
    "bracket_low": 300,
    "bracket_high": 319
  },
  {
    "timestamp": 1773765689,
    "market_slug": "elon-musk-of-tweets-march-10-march-17-280-299",
    "event_slug": "elon-musk-of-tweets-march-10-march-17",
    "token_id": "18833962956432064993977930802628297115631103274489973529831537298194494092173",
    "outcome": "Yes",
    "side": "SELL",
    "price": 0.999,
    "size": 6.49,
    "transaction_hash": "0x4c1b5b672e8f73e7ba4dbf66e42ddc23e624ad28f2319a07024526d4a0486335",
    "condition_id": "0xa41ffb5573c17a66a4e829084cb87f4df00eb41500dbdae08d6a4ad5be0f1fdc",
    "bracket_low": 280,
    "bracket_high": 299
  },
  {
    "timestamp": 1773765687,
    "market_slug": "elon-musk-of-tweets-march-10-march-17-280-299",
    "event_slug": "elon-musk-of-tweets-march-10-march-17",
    "token_id": "18833962956432064993977930802628297115631103274489973529831537298194494092173",
    "outcome": "Yes",
    "side": "SELL",
    "price": 0.999,
    "size": 18.85,
    "transaction_hash": "0x01b4443f628f63c29c3e2986cc5e2ee65d32ffd8ddac856469159349c61b3daf",
    "condition_id": "0xa41ffb5573c17a66a4e829084cb87f4df00eb41500dbdae08d6a4ad5be0f1fdc",
    "bracket_low": 280,
    "bracket_high": 299
  },
  {
    "timestamp": 1773765667,
    "market_slug": "elon-musk-of-tweets-march-10-march-17-280-299",
    "event_slug": "elon-musk-of-tweets-march-10-march-17",
    "token_id": "23534061386564925431067530604094677147005727357084534107620687818972924883703",
    "outcome": "No",
    "side": "BUY",
    "price": 0.001,
    "size": 500,
    "transaction_hash": "0xc00f2ab5c403769e1e147c328ab5f662b1e30b83f79e3b16f08abc6d3cba5809",
    "condition_id": "0xa41ffb5573c17a66a4e829084cb87f4df00eb41500dbdae08d6a4ad5be0f1fdc",
    "bracket_low": 280,
    "bracket_high": 299
  },
  {
    "timestamp": 1773765559,
    "market_slug": "elon-musk-of-tweets-march-10-march-17-280-299",
    "event_slug": "elon-musk-of-tweets-march-10-march-17",
    "token_id": "18833962956432064993977930802628297115631103274489973529831537298194494092173",
    "outcome": "Yes",
    "side": "SELL",
    "price": 0.999,
    "size": 82.19,
    "transaction_hash": "0x41e59d5705667d819a8cf149fd83c23b8fb5caca8b3096e05b2e76761ca12e80",
    "condition_id": "0xa41ffb5573c17a66a4e829084cb87f4df00eb41500dbdae08d6a4ad5be0f1fdc",
    "bracket_low": 280,
    "bracket_high": 299
  },
  {
    "timestamp": 1773765509,
    "market_slug": "elon-musk-of-tweets-march-10-march-17-280-299",
    "event_slug": "elon-musk-of-tweets-march-10-march-17",
    "token_id": "18833962956432064993977930802628297115631103274489973529831537298194494092173",
    "outcome": "Yes",
    "side": "SELL",
    "price": 0.999,
    "size": 10,
    "transaction_hash": "0x4f021fe1ce8ae595639658feda7b4e1b932b35329c1210e1a16ab424dbf88292",
    "condition_id": "0xa41ffb5573c17a66a4e829084cb87f4df00eb41500dbdae08d6a4ad5be0f1fdc",
    "bracket_low": 280,
    "bracket_high": 299
  },
  {
    "timestamp": 1773765223,
    "market_slug": "elon-musk-of-tweets-march-10-march-17-280-299",
    "event_slug": "elon-musk-of-tweets-march-10-march-17",
    "token_id": "18833962956432064993977930802628297115631103274489973529831537298194494092173",
    "outcome": "Yes",
    "side": "SELL",
    "price": 0.999,
    "size": 35.71,
    "transaction_hash": "0x351362ef1c8b78e2cc7e56c8fd68f14d6c8d2c77e933fb4906fdb70433589ed8",
    "condition_id": "0xa41ffb5573c17a66a4e829084cb87f4df00eb41500dbdae08d6a4ad5be0f1fdc",
    "bracket_low": 280,
    "bracket_high": 299
  },
  {
    "timestamp": 1773765199,
    "market_slug": "elon-musk-of-tweets-march-10-march-17-300-319",
    "event_slug": "elon-musk-of-tweets-march-10-march-17",
    "token_id": "14278044075836452770067475613214205678862362710136973113707178823213800359544",
    "outcome": "No",
    "side": "SELL",
    "price": 0.999,
    "size": 1909.29,
    "transaction_hash": "0x34de6d89c2fdb76325bf9aa5232d927b6305e28525201a79024ed4a8e6b0f1c0",
    "condition_id": "0x3b09ac16b3fbd686419733e74ff549a4f4c0b59e6db73c5ad2791f55d23e7b2a",
    "bracket_low": 300,
    "bracket_high": 319
  },
  {
    "timestamp": 1773765141,
    "market_slug": "elon-musk-of-tweets-march-10-march-17-260-279",
    "event_slug": "elon-musk-of-tweets-march-10-march-17",
    "token_id": "84386064634997594719136687810966288278612423632835059971492341841301495011187",
    "outcome": "No",
    "side": "SELL",
    "price": 0.999,
    "size": 19.7,
    "transaction_hash": "0xa056b82f0c932a00480d1aa9bddd887e63ddc68842d28592c2396bda82b16ba9",
    "condition_id": "0xfa799ade42e7020bf5338bdcb02074a6fd3018d784980fde0fe192dfcc67f340",
    "bracket_low": 260,
    "bracket_high": 279
  },
  {
    "timestamp": 1773765073,
    "market_slug": "elon-musk-of-tweets-march-10-march-17-320-339",
    "event_slug": "elon-musk-of-tweets-march-10-march-17",
    "token_id": "59313975380578774378884761569977041131837424526802358443275663501272878111648",
    "outcome": "No",
    "side": "SELL",
    "price": 0.999,
    "size": 303.33,
    "transaction_hash": "0x13d76f326891365c8433a09a5e020a6923b67cdd35c752d5b9f4c2be45585cd6",
    "condition_id": "0xa8467c034b599376bb5afc7a26f4d5e813b78a629f6164d39dcc0c1accc8395c",
    "bracket_low": 320,
    "bracket_high": 339
  },
  {
    "timestamp": 1773764949,
    "market_slug": "elon-musk-of-tweets-march-10-march-17-280-299",
    "event_slug": "elon-musk-of-tweets-march-10-march-17",
    "token_id": "18833962956432064993977930802628297115631103274489973529831537298194494092173",
    "outcome": "Yes",
    "side": "SELL",
    "price": 0.999,
    "size": 100,
    "transaction_hash": "0x998e2dc914d059a3e20c8053d2e2c7e6f4548231ca1346144297baa9720d2726",
    "condition_id": "0xa41ffb5573c17a66a4e829084cb87f4df00eb41500dbdae08d6a4ad5be0f1fdc",
    "bracket_low": 280,
    "bracket_high": 299
  },
  {
    "timestamp": 1773764945,
    "market_slug": "elon-musk-of-tweets-march-10-march-17-280-299",
    "event_slug": "elon-musk-of-tweets-march-10-march-17",
    "token_id": "18833962956432064993977930802628297115631103274489973529831537298194494092173",
    "outcome": "Yes",
    "side": "SELL",
    "price": 0.999,
    "size": 1999.98,
    "transaction_hash": "0xf2ff25ebc59820e779d9ebf01834de8d35463bde01ad331544a036cbfef33fa7",
    "condition_id": "0xa41ffb5573c17a66a4e829084cb87f4df00eb41500dbdae08d6a4ad5be0f1fdc",
    "bracket_low": 280,
    "bracket_high": 299
  },
  {
    "timestamp": 1773764941,
    "market_slug": "elon-musk-of-tweets-march-10-march-17-300-319",
    "event_slug": "elon-musk-of-tweets-march-10-march-17",
    "token_id": "14278044075836452770067475613214205678862362710136973113707178823213800359544",
    "outcome": "No",
    "side": "SELL",
    "price": 0.999,
    "size": 158.85,
    "transaction_hash": "0x26d973efa40d64918b34e630fbbed27197699253f27a02f97ee135b27f4d2bb3",
    "condition_id": "0x3b09ac16b3fbd686419733e74ff549a4f4c0b59e6db73c5ad2791f55d23e7b2a",
    "bracket_low": 300,
    "bracket_high": 319
  },
  {
    "timestamp": 1773764941,
    "market_slug": "elon-musk-of-tweets-march-10-march-17-300-319",
    "event_slug": "elon-musk-of-tweets-march-10-march-17",
    "token_id": "14278044075836452770067475613214205678862362710136973113707178823213800359544",
    "outcome": "No",
    "side": "SELL",
    "price": 0.999,
    "size": 118.92,
    "transaction_hash": "0xb8b49555e593352d0b67249dea52564164412a319d46caf5bc6dc633b3758c4d",
    "condition_id": "0x3b09ac16b3fbd686419733e74ff549a4f4c0b59e6db73c5ad2791f55d23e7b2a",
    "bracket_low": 300,
    "bracket_high": 319
  },
  {
    "timestamp": 1773764939,
    "market_slug": "elon-musk-of-tweets-march-10-march-17-300-319",
    "event_slug": "elon-musk-of-tweets-march-10-march-17",
    "token_id": "14278044075836452770067475613214205678862362710136973113707178823213800359544",
    "outcome": "No",
    "side": "SELL",
    "price": 0.999,
    "size": 129.26,
    "transaction_hash": "0xaa7bfbd6c155118e310a015dbc2a6d3be045020cff03400d0a461fc59bf477ff",
    "condition_id": "0x3b09ac16b3fbd686419733e74ff549a4f4c0b59e6db73c5ad2791f55d23e7b2a",
    "bracket_low": 300,
    "bracket_high": 319
  },
  {
    "timestamp": 1773764905,
    "market_slug": "elon-musk-of-tweets-march-10-march-17-280-299",
    "event_slug": "elon-musk-of-tweets-march-10-march-17",
    "token_id": "18833962956432064993977930802628297115631103274489973529831537298194494092173",
    "outcome": "Yes",
    "side": "SELL",
    "price": 0.999,
    "size": 324,
    "transaction_hash": "0x52b1d2198c25b6647d69087f676bfd8f5a972d0dc28b57a84945f50b2557c703",
    "condition_id": "0xa41ffb5573c17a66a4e829084cb87f4df00eb41500dbdae08d6a4ad5be0f1fdc",
    "bracket_low": 280,
    "bracket_high": 299
  },
  {
    "timestamp": 1773764865,
    "market_slug": "elon-musk-of-tweets-march-10-march-17-300-319",
    "event_slug": "elon-musk-of-tweets-march-10-march-17",
    "token_id": "14278044075836452770067475613214205678862362710136973113707178823213800359544",
    "outcome": "No",
    "side": "SELL",
    "price": 0.999,
    "size": 151.37,
    "transaction_hash": "0xed2e1bcdf201c0837e2eec9119a2f477115b63573f00cadf489d89292fc202d7",
    "condition_id": "0x3b09ac16b3fbd686419733e74ff549a4f4c0b59e6db73c5ad2791f55d23e7b2a",
    "bracket_low": 300,
    "bracket_high": 319
  },
  {
    "timestamp": 1773764787,
    "market_slug": "elon-musk-of-tweets-march-10-march-17-280-299",
    "event_slug": "elon-musk-of-tweets-march-10-march-17",
    "token_id": "18833962956432064993977930802628297115631103274489973529831537298194494092173",
    "outcome": "Yes",
    "side": "SELL",
    "price": 0.999,
    "size": 38.46,
    "transaction_hash": "0xeb4208bad4ec67938702d0efc7f4091733f8ee7949c592c74fa1042da50529f8",
    "condition_id": "0xa41ffb5573c17a66a4e829084cb87f4df00eb41500dbdae08d6a4ad5be0f1fdc",
    "bracket_low": 280,
    "bracket_high": 299
  },
  {
    "timestamp": 1773764753,
    "market_slug": "elon-musk-of-tweets-march-10-march-17-280-299",
    "event_slug": "elon-musk-of-tweets-march-10-march-17",
    "token_id": "18833962956432064993977930802628297115631103274489973529831537298194494092173",
    "outcome": "Yes",
    "side": "SELL",
    "price": 0.999,
    "size": 6.66,
    "transaction_hash": "0x081be5d9ae85caad54cac0516169bd21acc65304940c7eeafaa7124d240e6253",
    "condition_id": "0xa41ffb5573c17a66a4e829084cb87f4df00eb41500dbdae08d6a4ad5be0f1fdc",
    "bracket_low": 280,
    "bracket_high": 299
  },
  {
    "timestamp": 1773764733,
    "market_slug": "elon-musk-of-tweets-march-10-march-17-280-299",
    "event_slug": "elon-musk-of-tweets-march-10-march-17",
    "token_id": "18833962956432064993977930802628297115631103274489973529831537298194494092173",
    "outcome": "Yes",
    "side": "SELL",
    "price": 0.999,
    "size": 370.23,
    "transaction_hash": "0xd4f9a5e59ce0de145bd014fed8b0155075ea7050e86619d376e6824eb66ce12b",
    "condition_id": "0xa41ffb5573c17a66a4e829084cb87f4df00eb41500dbdae08d6a4ad5be0f1fdc",
    "bracket_low": 280,
    "bracket_high": 299
  },
  {
    "timestamp": 1773764665,
    "market_slug": "elon-musk-of-tweets-march-10-march-17-280-299",
    "event_slug": "elon-musk-of-tweets-march-10-march-17",
    "token_id": "18833962956432064993977930802628297115631103274489973529831537298194494092173",
    "outcome": "Yes",
    "side": "SELL",
    "price": 0.999,
    "size": 150.96,
    "transaction_hash": "0xa0a1b4145880c5f40aa616748cf1e3130c7e8c21e6bf7c8c68dce917805bcd75",
    "condition_id": "0xa41ffb5573c17a66a4e829084cb87f4df00eb41500dbdae08d6a4ad5be0f1fdc",
    "bracket_low": 280,
    "bracket_high": 299
  },
  {
    "timestamp": 1773764663,
    "market_slug": "elon-musk-of-tweets-march-10-march-17-280-299",
    "event_slug": "elon-musk-of-tweets-march-10-march-17",
    "token_id": "23534061386564925431067530604094677147005727357084534107620687818972924883703",
    "outcome": "No",
    "side": "BUY",
    "price": 0.001,
    "size": 500,
    "transaction_hash": "0xcbaec09e1fcd9e0f18fc9883793d9bd6f9be96d5310c36606ab70eeb0c270f4d",
    "condition_id": "0xa41ffb5573c17a66a4e829084cb87f4df00eb41500dbdae08d6a4ad5be0f1fdc",
    "bracket_low": 280,
    "bracket_high": 299
  },
  {
    "timestamp": 1773764659,
    "market_slug": "elon-musk-of-tweets-march-10-march-17-300-319",
    "event_slug": "elon-musk-of-tweets-march-10-march-17",
    "token_id": "112482963646612846454532892135332214622271109125981624911983460575006523408287",
    "outcome": "Yes",
    "side": "BUY",
    "price": 0.001,
    "size": 500,
    "transaction_hash": "0x0732419f8f9ec3db8ef5bcff618b6beb4acba16ba79c490c540b074487112642",
    "condition_id": "0x3b09ac16b3fbd686419733e74ff549a4f4c0b59e6db73c5ad2791f55d23e7b2a",
    "bracket_low": 300,
    "bracket_high": 319
  },
  {
    "timestamp": 1773764631,
    "market_slug": "elon-musk-of-tweets-march-10-march-17-300-319",
    "event_slug": "elon-musk-of-tweets-march-10-march-17",
    "token_id": "14278044075836452770067475613214205678862362710136973113707178823213800359544",
    "outcome": "No",
    "side": "SELL",
    "price": 0.999,
    "size": 494.27,
    "transaction_hash": "0x3ba48f2b59762b4a28d1d3369875b3223141399132597b136aa176b9016af036",
    "condition_id": "0x3b09ac16b3fbd686419733e74ff549a4f4c0b59e6db73c5ad2791f55d23e7b2a",
    "bracket_low": 300,
    "bracket_high": 319
  },
  {
    "timestamp": 1773764591,
    "market_slug": "elon-musk-of-tweets-march-10-march-17-280-299",
    "event_slug": "elon-musk-of-tweets-march-10-march-17",
    "token_id": "18833962956432064993977930802628297115631103274489973529831537298194494092173",
    "outcome": "Yes",
    "side": "SELL",
    "price": 0.999,
    "size": 9.52,
    "transaction_hash": "0x1afc01e6d50db6c8bdf005747830ed96da3b350dc11d2f7c1095583bf677e98c",
    "condition_id": "0xa41ffb5573c17a66a4e829084cb87f4df00eb41500dbdae08d6a4ad5be0f1fdc",
    "bracket_low": 280,
    "bracket_high": 299
  },
  {
    "timestamp": 1773764589,
    "market_slug": "elon-musk-of-tweets-march-10-march-17-260-279",
    "event_slug": "elon-musk-of-tweets-march-10-march-17",
    "token_id": "84386064634997594719136687810966288278612423632835059971492341841301495011187",
    "outcome": "No",
    "side": "SELL",
    "price": 0.999,
    "size": 4447.78,
    "transaction_hash": "0x127a79b49daa1427ff160d0800e381c04a13932103c9b8c498d22239a448badf",
    "condition_id": "0xfa799ade42e7020bf5338bdcb02074a6fd3018d784980fde0fe192dfcc67f340",
    "bracket_low": 260,
    "bracket_high": 279
  },
  {
    "timestamp": 1773764563,
    "market_slug": "elon-musk-of-tweets-march-10-march-17-280-299",
    "event_slug": "elon-musk-of-tweets-march-10-march-17",
    "token_id": "18833962956432064993977930802628297115631103274489973529831537298194494092173",
    "outcome": "Yes",
    "side": "SELL",
    "price": 0.999,
    "size": 10,
    "transaction_hash": "0xd8fe4473aacaf6b06f61e8e4d6b34c946fc0d1420e0983e6b4ea7cde1c5b3256",
    "condition_id": "0xa41ffb5573c17a66a4e829084cb87f4df00eb41500dbdae08d6a4ad5be0f1fdc",
    "bracket_low": 280,
    "bracket_high": 299
  },
  {
    "timestamp": 1773764529,
    "market_slug": "elon-musk-of-tweets-march-10-march-17-280-299",
    "event_slug": "elon-musk-of-tweets-march-10-march-17",
    "token_id": "18833962956432064993977930802628297115631103274489973529831537298194494092173",
    "outcome": "Yes",
    "side": "SELL",
    "price": 0.999,
    "size": 5.66,
    "transaction_hash": "0x466b6569bb470d4cf9d7fb048f6b0b33200b8a5eba977f7ac04a5193eedad31f",
    "condition_id": "0xa41ffb5573c17a66a4e829084cb87f4df00eb41500dbdae08d6a4ad5be0f1fdc",
    "bracket_low": 280,
    "bracket_high": 299
  },
  {
    "timestamp": 1773764511,
    "market_slug": "elon-musk-of-tweets-march-10-march-17-280-299",
    "event_slug": "elon-musk-of-tweets-march-10-march-17",
    "token_id": "18833962956432064993977930802628297115631103274489973529831537298194494092173",
    "outcome": "Yes",
    "side": "SELL",
    "price": 0.999,
    "size": 7.38,
    "transaction_hash": "0xe2aad0d23d6596d22827fe399b25d3e845fc613870fc874c57a4741e0241b156",
    "condition_id": "0xa41ffb5573c17a66a4e829084cb87f4df00eb41500dbdae08d6a4ad5be0f1fdc",
    "bracket_low": 280,
    "bracket_high": 299
  },
  {
    "timestamp": 1773764501,
    "market_slug": "elon-musk-of-tweets-march-10-march-17-280-299",
    "event_slug": "elon-musk-of-tweets-march-10-march-17",
    "token_id": "18833962956432064993977930802628297115631103274489973529831537298194494092173",
    "outcome": "Yes",
    "side": "SELL",
    "price": 0.999,
    "size": 145,
    "transaction_hash": "0xd9e74607591ff11d57656d606d6e7355af89db7a8a988b2a6683c1b9a81813fd",
    "condition_id": "0xa41ffb5573c17a66a4e829084cb87f4df00eb41500dbdae08d6a4ad5be0f1fdc",
    "bracket_low": 280,
    "bracket_high": 299
  },
  {
    "timestamp": 1773764501,
    "market_slug": "elon-musk-of-tweets-march-10-march-17-260-279",
    "event_slug": "elon-musk-of-tweets-march-10-march-17",
    "token_id": "84386064634997594719136687810966288278612423632835059971492341841301495011187",
    "outcome": "No",
    "side": "SELL",
    "price": 0.999,
    "size": 156.66,
    "transaction_hash": "0x8795c510042365ff448d47b265afb49a4bcd8746104eda371cbd3450d22c1052",
    "condition_id": "0xfa799ade42e7020bf5338bdcb02074a6fd3018d784980fde0fe192dfcc67f340",
    "bracket_low": 260,
    "bracket_high": 279
  },
  {
    "timestamp": 1773764453,
    "market_slug": "elon-musk-of-tweets-march-10-march-17-280-299",
    "event_slug": "elon-musk-of-tweets-march-10-march-17",
    "token_id": "18833962956432064993977930802628297115631103274489973529831537298194494092173",
    "outcome": "Yes",
    "side": "SELL",
    "price": 0.999,
    "size": 100,
    "transaction_hash": "0xe61eae1b08fb085d5fa3085ff8ddcd3d3636ee5699c15cfa1d604c1033df71da",
    "condition_id": "0xa41ffb5573c17a66a4e829084cb87f4df00eb41500dbdae08d6a4ad5be0f1fdc",
    "bracket_low": 280,
    "bracket_high": 299
  },
  {
    "timestamp": 1773764419,
    "market_slug": "elon-musk-of-tweets-march-10-march-17-300-319",
    "event_slug": "elon-musk-of-tweets-march-10-march-17",
    "token_id": "14278044075836452770067475613214205678862362710136973113707178823213800359544",
    "outcome": "No",
    "side": "SELL",
    "price": 0.999,
    "size": 397.39,
    "transaction_hash": "0x0fd67d33dd4d943182ecf6f2bdd81079fb45a5b5f8567b568a58c56cb22405e2",
    "condition_id": "0x3b09ac16b3fbd686419733e74ff549a4f4c0b59e6db73c5ad2791f55d23e7b2a",
    "bracket_low": 300,
    "bracket_high": 319
  },
  {
    "timestamp": 1773764413,
    "market_slug": "elon-musk-of-tweets-march-10-march-17-280-299",
    "event_slug": "elon-musk-of-tweets-march-10-march-17",
    "token_id": "18833962956432064993977930802628297115631103274489973529831537298194494092173",
    "outcome": "Yes",
    "side": "SELL",
    "price": 0.999,
    "size": 2.38,
    "transaction_hash": "0xf029ca136d20d2eaddeb3401feb3396092a9f63ef9ea129424756ba481003447",
    "condition_id": "0xa41ffb5573c17a66a4e829084cb87f4df00eb41500dbdae08d6a4ad5be0f1fdc",
    "bracket_low": 280,
    "bracket_high": 299
  },
  {
    "timestamp": 1773764371,
    "market_slug": "elon-musk-of-tweets-march-10-march-17-260-279",
    "event_slug": "elon-musk-of-tweets-march-10-march-17",
    "token_id": "30403686475028759393515458418662176884191209655152140427889149708879117746335",
    "outcome": "Yes",
    "side": "BUY",
    "price": 0.001,
    "size": 1000,
    "transaction_hash": "0x44f8ca41b6b95c8b9f116299cd86a56838744fd69fe186ae07697f77e11246c6",
    "condition_id": "0xfa799ade42e7020bf5338bdcb02074a6fd3018d784980fde0fe192dfcc67f340",
    "bracket_low": 260,
    "bracket_high": 279
  },
  {
    "timestamp": 1773764367,
    "market_slug": "elon-musk-of-tweets-march-10-march-17-280-299",
    "event_slug": "elon-musk-of-tweets-march-10-march-17",
    "token_id": "18833962956432064993977930802628297115631103274489973529831537298194494092173",
    "outcome": "Yes",
    "side": "SELL",
    "price": 0.999,
    "size": 6,
    "transaction_hash": "0xaa1cc9e41a25473285f711e2eaafbe86d57d7bf6f257583b132a887e2e2c735e",
    "condition_id": "0xa41ffb5573c17a66a4e829084cb87f4df00eb41500dbdae08d6a4ad5be0f1fdc",
    "bracket_low": 280,
    "bracket_high": 299
  },
  {
    "timestamp": 1773764331,
    "market_slug": "elon-musk-of-tweets-march-10-march-17-280-299",
    "event_slug": "elon-musk-of-tweets-march-10-march-17",
    "token_id": "18833962956432064993977930802628297115631103274489973529831537298194494092173",
    "outcome": "Yes",
    "side": "SELL",
    "price": 0.999,
    "size": 1769.45,
    "transaction_hash": "0xa2b10eec44f46de17e8ca90e98031560cf08de4ca4ef2c29502205e5cbb664c4",
    "condition_id": "0xa41ffb5573c17a66a4e829084cb87f4df00eb41500dbdae08d6a4ad5be0f1fdc",
    "bracket_low": 280,
    "bracket_high": 299
  },
  {
    "timestamp": 1773764295,
    "market_slug": "elon-musk-of-tweets-march-10-march-17-260-279",
    "event_slug": "elon-musk-of-tweets-march-10-march-17",
    "token_id": "84386064634997594719136687810966288278612423632835059971492341841301495011187",
    "outcome": "No",
    "side": "SELL",
    "price": 0.999,
    "size": 111,
    "transaction_hash": "0x2052a5c3432ef1ff55060b158d4e907a8a6f2ee4dae9907a77a13f3180d95eeb",
    "condition_id": "0xfa799ade42e7020bf5338bdcb02074a6fd3018d784980fde0fe192dfcc67f340",
    "bracket_low": 260,
    "bracket_high": 279
  },
  {
    "timestamp": 1773764293,
    "market_slug": "elon-musk-of-tweets-march-10-march-17-280-299",
    "event_slug": "elon-musk-of-tweets-march-10-march-17",
    "token_id": "18833962956432064993977930802628297115631103274489973529831537298194494092173",
    "outcome": "Yes",
    "side": "SELL",
    "price": 0.999,
    "size": 8.82,
    "transaction_hash": "0xfcd835493eb76827f714c397e977ac60d9b8d9462953026814604fd7a95651db",
    "condition_id": "0xa41ffb5573c17a66a4e829084cb87f4df00eb41500dbdae08d6a4ad5be0f1fdc",
    "bracket_low": 280,
    "bracket_high": 299
  },
  {
    "timestamp": 1773764287,
    "market_slug": "elon-musk-of-tweets-march-10-march-17-300-319",
    "event_slug": "elon-musk-of-tweets-march-10-march-17",
    "token_id": "14278044075836452770067475613214205678862362710136973113707178823213800359544",
    "outcome": "No",
    "side": "SELL",
    "price": 0.999,
    "size": 102.4,
    "transaction_hash": "0x617602a31d6db23594469de36d932edea62cae96a4eb61005117fbeaa0ca8455",
    "condition_id": "0x3b09ac16b3fbd686419733e74ff549a4f4c0b59e6db73c5ad2791f55d23e7b2a",
    "bracket_low": 300,
    "bracket_high": 319
  },
  {
    "timestamp": 1773764285,
    "market_slug": "elon-musk-of-tweets-march-10-march-17-280-299",
    "event_slug": "elon-musk-of-tweets-march-10-march-17",
    "token_id": "18833962956432064993977930802628297115631103274489973529831537298194494092173",
    "outcome": "Yes",
    "side": "SELL",
    "price": 0.999,
    "size": 11.11,
    "transaction_hash": "0xadfe12d5e641b59163ab9c9b64d4e5e531264ad5ccf046e6d01fd41333152063",
    "condition_id": "0xa41ffb5573c17a66a4e829084cb87f4df00eb41500dbdae08d6a4ad5be0f1fdc",
    "bracket_low": 280,
    "bracket_high": 299
  },
  {
    "timestamp": 1773764273,
    "market_slug": "elon-musk-of-tweets-march-10-march-17-260-279",
    "event_slug": "elon-musk-of-tweets-march-10-march-17",
    "token_id": "30403686475028759393515458418662176884191209655152140427889149708879117746335",
    "outcome": "Yes",
    "side": "BUY",
    "price": 0.001,
    "size": 3000,
    "transaction_hash": "0xa740598bac1b419c9541aca03cdcb3739ea0892ad9876436a5f2b65e8a366eee",
    "condition_id": "0xfa799ade42e7020bf5338bdcb02074a6fd3018d784980fde0fe192dfcc67f340",
    "bracket_low": 260,
    "bracket_high": 279
  },
  {
    "timestamp": 1773764237,
    "market_slug": "elon-musk-of-tweets-march-10-march-17-280-299",
    "event_slug": "elon-musk-of-tweets-march-10-march-17",
    "token_id": "18833962956432064993977930802628297115631103274489973529831537298194494092173",
    "outcome": "Yes",
    "side": "SELL",
    "price": 0.999,
    "size": 17,
    "transaction_hash": "0xa47e82ca63aaa859c64afcc0728790501b5f9fdda68875b3bffb16ea0d2de109",
    "condition_id": "0xa41ffb5573c17a66a4e829084cb87f4df00eb41500dbdae08d6a4ad5be0f1fdc",
    "bracket_low": 280,
    "bracket_high": 299
  },
  {
    "timestamp": 1773764223,
    "market_slug": "elon-musk-of-tweets-march-10-march-17-280-299",
    "event_slug": "elon-musk-of-tweets-march-10-march-17",
    "token_id": "18833962956432064993977930802628297115631103274489973529831537298194494092173",
    "outcome": "Yes",
    "side": "SELL",
    "price": 0.999,
    "size": 71.42,
    "transaction_hash": "0xc462e8ae184b35e6df9ccc55a3f5e5487d9bd445aadefce75e374ea789ffda0c",
    "condition_id": "0xa41ffb5573c17a66a4e829084cb87f4df00eb41500dbdae08d6a4ad5be0f1fdc",
    "bracket_low": 280,
    "bracket_high": 299
  },
  {
    "timestamp": 1773764221,
    "market_slug": "elon-musk-of-tweets-march-10-march-17-360-379",
    "event_slug": "elon-musk-of-tweets-march-10-march-17",
    "token_id": "14165355077626486376953547029469675111109756205829227119581647747950660881131",
    "outcome": "No",
    "side": "SELL",
    "price": 0.999,
    "size": 477.47,
    "transaction_hash": "0x2abf7f9abc80c44df3306d6f8d12da0bf4dc841a5d37eff681de96170d1287d3",
    "condition_id": "0x5f5a8ab0764f4dfd66ddbfff2606d07b5c9b778e4dc0ae3bc2924a9d2e12b1f7",
    "bracket_low": 360,
    "bracket_high": 379
  },
  {
    "timestamp": 1773764205,
    "market_slug": "elon-musk-of-tweets-march-10-march-17-300-319",
    "event_slug": "elon-musk-of-tweets-march-10-march-17",
    "token_id": "14278044075836452770067475613214205678862362710136973113707178823213800359544",
    "outcome": "No",
    "side": "SELL",
    "price": 0.999,
    "size": 71.85,
    "transaction_hash": "0x7250dced97a54d53b4f6b28c9233e900fa70da0883896db8de4d7ce9163a3794",
    "condition_id": "0x3b09ac16b3fbd686419733e74ff549a4f4c0b59e6db73c5ad2791f55d23e7b2a",
    "bracket_low": 300,
    "bracket_high": 319
  },
  {
    "timestamp": 1773764189,
    "market_slug": "elon-musk-of-tweets-march-10-march-17-260-279",
    "event_slug": "elon-musk-of-tweets-march-10-march-17",
    "token_id": "84386064634997594719136687810966288278612423632835059971492341841301495011187",
    "outcome": "No",
    "side": "SELL",
    "price": 0.999,
    "size": 1.15,
    "transaction_hash": "0x8364d5299eb64ebe73193964297194e1f20c9722fdbe4d1ad82701374e2d1e19",
    "condition_id": "0xfa799ade42e7020bf5338bdcb02074a6fd3018d784980fde0fe192dfcc67f340",
    "bracket_low": 260,
    "bracket_high": 279
  },
  {
    "timestamp": 1773764179,
    "market_slug": "elon-musk-of-tweets-march-10-march-17-280-299",
    "event_slug": "elon-musk-of-tweets-march-10-march-17",
    "token_id": "18833962956432064993977930802628297115631103274489973529831537298194494092173",
    "outcome": "Yes",
    "side": "SELL",
    "price": 0.999,
    "size": 1424.35,
    "transaction_hash": "0x64f054716f47d34bc4a62cc2d366d04e64afe0283d6b3452ffddb4169d7cda14",
    "condition_id": "0xa41ffb5573c17a66a4e829084cb87f4df00eb41500dbdae08d6a4ad5be0f1fdc",
    "bracket_low": 280,
    "bracket_high": 299
  },
  {
    "timestamp": 1773764177,
    "market_slug": "elon-musk-of-tweets-march-10-march-17-280-299",
    "event_slug": "elon-musk-of-tweets-march-10-march-17",
    "token_id": "18833962956432064993977930802628297115631103274489973529831537298194494092173",
    "outcome": "Yes",
    "side": "SELL",
    "price": 0.999,
    "size": 398.41,
    "transaction_hash": "0x6fb97bef10463643ba507f90200b78e00eda21f063d73d530bce2cd3eeaaa3a2",
    "condition_id": "0xa41ffb5573c17a66a4e829084cb87f4df00eb41500dbdae08d6a4ad5be0f1fdc",
    "bracket_low": 280,
    "bracket_high": 299
  },
  {
    "timestamp": 1773764129,
    "market_slug": "elon-musk-of-tweets-march-10-march-17-320-339",
    "event_slug": "elon-musk-of-tweets-march-10-march-17",
    "token_id": "59313975380578774378884761569977041131837424526802358443275663501272878111648",
    "outcome": "No",
    "side": "SELL",
    "price": 0.999,
    "size": 75.5,
    "transaction_hash": "0xf5275cac298d9df26c2cf04005824ea0fc6378e059569ea14b073ae261ac9894",
    "condition_id": "0xa8467c034b599376bb5afc7a26f4d5e813b78a629f6164d39dcc0c1accc8395c",
    "bracket_low": 320,
    "bracket_high": 339
  },
  {
    "timestamp": 1773764081,
    "market_slug": "elon-musk-of-tweets-march-10-march-17-280-299",
    "event_slug": "elon-musk-of-tweets-march-10-march-17",
    "token_id": "18833962956432064993977930802628297115631103274489973529831537298194494092173",
    "outcome": "Yes",
    "side": "SELL",
    "price": 0.999,
    "size": 14.74,
    "transaction_hash": "0x4f793e2fbe0c1d80f117c06059a9535eeee8d4bc48324d48b0915d5d9a386a7e",
    "condition_id": "0xa41ffb5573c17a66a4e829084cb87f4df00eb41500dbdae08d6a4ad5be0f1fdc",
    "bracket_low": 280,
    "bracket_high": 299
  },
  {
    "timestamp": 1773764069,
    "market_slug": "elon-musk-of-tweets-march-10-march-17-260-279",
    "event_slug": "elon-musk-of-tweets-march-10-march-17",
    "token_id": "84386064634997594719136687810966288278612423632835059971492341841301495011187",
    "outcome": "No",
    "side": "SELL",
    "price": 0.999,
    "size": 19.15,
    "transaction_hash": "0xc6233e1aecc35d45b1ca0615e5ff13c8f8a7fb4fb75ab47c7e4751cf5fbcb145",
    "condition_id": "0xfa799ade42e7020bf5338bdcb02074a6fd3018d784980fde0fe192dfcc67f340",
    "bracket_low": 260,
    "bracket_high": 279
  },
  {
    "timestamp": 1773764057,
    "market_slug": "elon-musk-of-tweets-march-10-march-17-280-299",
    "event_slug": "elon-musk-of-tweets-march-10-march-17",
    "token_id": "18833962956432064993977930802628297115631103274489973529831537298194494092173",
    "outcome": "Yes",
    "side": "SELL",
    "price": 0.999,
    "size": 19.23,
    "transaction_hash": "0xeb6e777c48e754f4a91de6445a16ba7d3c8ca6006f061ae2a7b5b0f544becf5e",
    "condition_id": "0xa41ffb5573c17a66a4e829084cb87f4df00eb41500dbdae08d6a4ad5be0f1fdc",
    "bracket_low": 280,
    "bracket_high": 299
  },
  {
    "timestamp": 1773764057,
    "market_slug": "elon-musk-of-tweets-march-10-march-17-300-319",
    "event_slug": "elon-musk-of-tweets-march-10-march-17",
    "token_id": "14278044075836452770067475613214205678862362710136973113707178823213800359544",
    "outcome": "No",
    "side": "SELL",
    "price": 0.999,
    "size": 667.3,
    "transaction_hash": "0xa1ca59b168b575c4374a3b45f54a596e63ddb80c2aacf8783c2fd32e8b6eee8c",
    "condition_id": "0x3b09ac16b3fbd686419733e74ff549a4f4c0b59e6db73c5ad2791f55d23e7b2a",
    "bracket_low": 300,
    "bracket_high": 319
  },
  {
    "timestamp": 1773763969,
    "market_slug": "elon-musk-of-tweets-march-10-march-17-280-299",
    "event_slug": "elon-musk-of-tweets-march-10-march-17",
    "token_id": "18833962956432064993977930802628297115631103274489973529831537298194494092173",
    "outcome": "Yes",
    "side": "SELL",
    "price": 0.999,
    "size": 100,
    "transaction_hash": "0x70b2373398db2b95af34698533cc202ca194f0243e13194175e55b64c2db0a2c",
    "condition_id": "0xa41ffb5573c17a66a4e829084cb87f4df00eb41500dbdae08d6a4ad5be0f1fdc",
    "bracket_low": 280,
    "bracket_high": 299
  },
  {
    "timestamp": 1773763961,
    "market_slug": "elon-musk-of-tweets-march-10-march-17-300-319",
    "event_slug": "elon-musk-of-tweets-march-10-march-17",
    "token_id": "14278044075836452770067475613214205678862362710136973113707178823213800359544",
    "outcome": "No",
    "side": "SELL",
    "price": 0.999,
    "size": 429.98,
    "transaction_hash": "0x60e696916b5d280720ad42a53e5b743c4d377c788b4251e3c1c927175b26c60a",
    "condition_id": "0x3b09ac16b3fbd686419733e74ff549a4f4c0b59e6db73c5ad2791f55d23e7b2a",
    "bracket_low": 300,
    "bracket_high": 319
  },
  {
    "timestamp": 1773763921,
    "market_slug": "elon-musk-of-tweets-march-10-march-17-320-339",
    "event_slug": "elon-musk-of-tweets-march-10-march-17",
    "token_id": "59313975380578774378884761569977041131837424526802358443275663501272878111648",
    "outcome": "No",
    "side": "SELL",
    "price": 0.999,
    "size": 1022.15,
    "transaction_hash": "0xab8005e77a1c39932ec1e4a9f8eae06d8e6601ecc17cda8147732f2872612c5a",
    "condition_id": "0xa8467c034b599376bb5afc7a26f4d5e813b78a629f6164d39dcc0c1accc8395c",
    "bracket_low": 320,
    "bracket_high": 339
  },
  {
    "timestamp": 1773763911,
    "market_slug": "elon-musk-of-tweets-march-10-march-17-280-299",
    "event_slug": "elon-musk-of-tweets-march-10-march-17",
    "token_id": "18833962956432064993977930802628297115631103274489973529831537298194494092173",
    "outcome": "Yes",
    "side": "SELL",
    "price": 0.999,
    "size": 14.28,
    "transaction_hash": "0x8c1a0a779aa24373d1c08b98ba310c4bf3bb2ad613e24da6e1b371a2cb172906",
    "condition_id": "0xa41ffb5573c17a66a4e829084cb87f4df00eb41500dbdae08d6a4ad5be0f1fdc",
    "bracket_low": 280,
    "bracket_high": 299
  },
  {
    "timestamp": 1773763907,
    "market_slug": "elon-musk-of-tweets-march-10-march-17-300-319",
    "event_slug": "elon-musk-of-tweets-march-10-march-17",
    "token_id": "14278044075836452770067475613214205678862362710136973113707178823213800359544",
    "outcome": "No",
    "side": "SELL",
    "price": 0.999,
    "size": 6.82,
    "transaction_hash": "0x6c50290a6db52ba4c2aa22a6ac9b21de1b25812b781f4d80bc780ef883481e60",
    "condition_id": "0x3b09ac16b3fbd686419733e74ff549a4f4c0b59e6db73c5ad2791f55d23e7b2a",
    "bracket_low": 300,
    "bracket_high": 319
  },
  {
    "timestamp": 1773763867,
