[
  {
    "timestamp": 1772566829,
    "market_slug": "elon-musk-of-tweets-february-24-march-3-220-239",
    "event_slug": "elon-musk-of-tweets-february-24-march-3",
    "token_id": "100929787658235120197027333414507985209436499488843882154710181817108949635715",
    "outcome": "No",
    "side": "SELL",
    "price": 0.999,
    "size": 9.84,
    "transaction_hash": "0x02cc6b6e7da3ef3842c6255e2b558d0b1743d36b1ecc1662588720317615c0e5",
    "condition_id": "0xd19d790ae7e1779d7b3c80dbd3c60caf680dcee0830cc2baabc69eb83222f45e",
    "bracket_low": 220,
    "bracket_high": 239
  },
  {
    "timestamp": 1772566629,
    "market_slug": "elon-musk-of-tweets-february-24-march-3-200-219",
    "event_slug": "elon-musk-of-tweets-february-24-march-3",
    "token_id": "47475983187855837427008711362911805686361376336041756680242784312679781202795",
    "outcome": "Yes",
    "side": "SELL",
    "price": 0.999,
    "size": 10,
    "transaction_hash": "0x6703331be5184b0f519bff391d0c26aee1b93896b16558313946792da31c36a9",
    "condition_id": "0xbc0c2be2a0b23f24cb2a9ad3e19d1d35297ec1455c03e88844b3e39a0a3b7acc",
    "bracket_low": 200,
    "bracket_high": 219
  },
  {
    "timestamp": 1772566549,
    "market_slug": "elon-musk-of-tweets-february-24-march-3-200-219",
    "event_slug": "elon-musk-of-tweets-february-24-march-3",
    "token_id": "47475983187855837427008711362911805686361376336041756680242784312679781202795",
    "outcome": "Yes",
    "side": "SELL",
    "price": 0.999,
    "size": 6.84,
    "transaction_hash": "0xa802732ce20933ccae8a1d18356cabeb4cf1b1b14d83d6b9bf6296e2117d23ff",
    "condition_id": "0xbc0c2be2a0b23f24cb2a9ad3e19d1d35297ec1455c03e88844b3e39a0a3b7acc",
    "bracket_low": 200,
    "bracket_high": 219
  },
  {
    "timestamp": 1772566253,
    "market_slug": "elon-musk-of-tweets-february-24-march-3-200-219",
    "event_slug": "elon-musk-of-tweets-february-24-march-3",
    "token_id": "47475983187855837427008711362911805686361376336041756680242784312679781202795",
    "outcome": "Yes",
    "side": "SELL",
    "price": 0.999,
    "size": 31.1,
    "transaction_hash": "0x6d2e767daddce135ebb8dc280b105d4076ba0a4fb44a781defaccdb5ffb49f60",
    "condition_id": "0xbc0c2be2a0b23f24cb2a9ad3e19d1d35297ec1455c03e88844b3e39a0a3b7acc",
    "bracket_low": 200,
    "bracket_high": 219
  },
  {
    "timestamp": 1772566239,
    "market_slug": "elon-musk-of-tweets-february-24-march-3-260-279",
    "event_slug": "elon-musk-of-tweets-february-24-march-3",
    "token_id": "106336076049498371967487934109425761239322292253157482421890834015476383640521",
    "outcome": "No",
    "side": "SELL",
    "price": 0.999,
    "size": 205.65,
    "transaction_hash": "0xd6c796a3c0ed18ea6786e0c7d1ed4ce4964efbfd58ed6b56a9fb347a235fdeea",
    "condition_id": "0x2993560bd6596d059fdc63d2cd454283ee6bd3556346db6c421c4ef0d953cde2",
    "bracket_low": 260,
    "bracket_high": 279
  },
  {
    "timestamp": 1772566235,
    "market_slug": "elon-musk-of-tweets-february-24-march-3-240-259",
    "event_slug": "elon-musk-of-tweets-february-24-march-3",
    "token_id": "110303752995239052066022525574945776061856613733023005334281779466996360317567",
    "outcome": "No",
    "side": "SELL",
    "price": 0.999,
    "size": 128.43,
    "transaction_hash": "0x094da48b9b4af631fb98a935bad8fd7abd593c1bd1c7fb726f9b4e6d8558c5b0",
    "condition_id": "0x26fa23187c3d1666d6d63e28f4f405ccfaa57c2edd6cdb8354c91dfe770134cc",
    "bracket_low": 240,
    "bracket_high": 259
  },
  {
    "timestamp": 1772566225,
    "market_slug": "elon-musk-of-tweets-february-24-march-3-200-219",
    "event_slug": "elon-musk-of-tweets-february-24-march-3",
    "token_id": "47475983187855837427008711362911805686361376336041756680242784312679781202795",
    "outcome": "Yes",
    "side": "SELL",
    "price": 0.999,
    "size": 14.71,
    "transaction_hash": "0x5ea8ab7f1ff55b533e5727801dab727e248fbd9d76de4e0dd9d46dd2b9aef910",
    "condition_id": "0xbc0c2be2a0b23f24cb2a9ad3e19d1d35297ec1455c03e88844b3e39a0a3b7acc",
    "bracket_low": 200,
    "bracket_high": 219
  },
  {
    "timestamp": 1772566199,
    "market_slug": "elon-musk-of-tweets-february-24-march-3-200-219",
    "event_slug": "elon-musk-of-tweets-february-24-march-3",
    "token_id": "47475983187855837427008711362911805686361376336041756680242784312679781202795",
    "outcome": "Yes",
    "side": "SELL",
    "price": 0.999,
    "size": 12.85,
    "transaction_hash": "0x511a14fefa3bdb4c195aa5a26d45e895ae8fa90662a399995a128fa8daec915e",
    "condition_id": "0xbc0c2be2a0b23f24cb2a9ad3e19d1d35297ec1455c03e88844b3e39a0a3b7acc",
    "bracket_low": 200,
    "bracket_high": 219
  },
  {
    "timestamp": 1772566179,
    "market_slug": "elon-musk-of-tweets-february-24-march-3-200-219",
    "event_slug": "elon-musk-of-tweets-february-24-march-3",
    "token_id": "47475983187855837427008711362911805686361376336041756680242784312679781202795",
    "outcome": "Yes",
    "side": "SELL",
    "price": 0.999,
    "size": 11.62,
    "transaction_hash": "0x6445d475b2558e4f411872add477f150e6d0d2ffd26ee806a45c308642445c34",
    "condition_id": "0xbc0c2be2a0b23f24cb2a9ad3e19d1d35297ec1455c03e88844b3e39a0a3b7acc",
    "bracket_low": 200,
    "bracket_high": 219
  },
  {
    "timestamp": 1772566065,
    "market_slug": "elon-musk-of-tweets-february-24-march-3-220-239",
    "event_slug": "elon-musk-of-tweets-february-24-march-3",
    "token_id": "100929787658235120197027333414507985209436499488843882154710181817108949635715",
    "outcome": "No",
    "side": "SELL",
    "price": 0.999,
    "size": 13.71,
    "transaction_hash": "0xc998d536fd31afe8f850e4df8a14a346acba077e6f94de83ab385294170dc4e4",
    "condition_id": "0xd19d790ae7e1779d7b3c80dbd3c60caf680dcee0830cc2baabc69eb83222f45e",
    "bracket_low": 220,
    "bracket_high": 239
  },
  {
    "timestamp": 1772566059,
    "market_slug": "elon-musk-of-tweets-february-24-march-3-200-219",
    "event_slug": "elon-musk-of-tweets-february-24-march-3",
    "token_id": "47475983187855837427008711362911805686361376336041756680242784312679781202795",
    "outcome": "Yes",
    "side": "SELL",
    "price": 0.999,
    "size": 14.77,
    "transaction_hash": "0x370eab6ebd70444f509db0b2c6c152c2c6ae82e394382bcc33bd0012a7569846",
    "condition_id": "0xbc0c2be2a0b23f24cb2a9ad3e19d1d35297ec1455c03e88844b3e39a0a3b7acc",
    "bracket_low": 200,
    "bracket_high": 219
  },
  {
    "timestamp": 1772566021,
    "market_slug": "elon-musk-of-tweets-february-24-march-3-220-239",
    "event_slug": "elon-musk-of-tweets-february-24-march-3",
    "token_id": "100929787658235120197027333414507985209436499488843882154710181817108949635715",
    "outcome": "No",
    "side": "SELL",
    "price": 0.999,
    "size": 6.84,
    "transaction_hash": "0x481d8d6d22d388cad56dc144de76393f424f45333818916767bcd3e0dc1687d2",
    "condition_id": "0xd19d790ae7e1779d7b3c80dbd3c60caf680dcee0830cc2baabc69eb83222f45e",
    "bracket_low": 220,
    "bracket_high": 239
  },
  {
    "timestamp": 1772566015,
    "market_slug": "elon-musk-of-tweets-february-24-march-3-200-219",
    "event_slug": "elon-musk-of-tweets-february-24-march-3",
    "token_id": "47475983187855837427008711362911805686361376336041756680242784312679781202795",
    "outcome": "Yes",
    "side": "SELL",
    "price": 0.999,
    "size": 7.95,
    "transaction_hash": "0x871a615af121b19691dc167b867663ee675a7f655a532afe8b7371dd556f5e4b",
    "condition_id": "0xbc0c2be2a0b23f24cb2a9ad3e19d1d35297ec1455c03e88844b3e39a0a3b7acc",
    "bracket_low": 200,
    "bracket_high": 219
  },
  {
    "timestamp": 1772565995,
    "market_slug": "elon-musk-of-tweets-february-24-march-3-200-219",
    "event_slug": "elon-musk-of-tweets-february-24-march-3",
    "token_id": "47475983187855837427008711362911805686361376336041756680242784312679781202795",
    "outcome": "Yes",
    "side": "SELL",
    "price": 0.999,
    "size": 39.76,
    "transaction_hash": "0x5c56b6895b88bbf842d7c254c455f1b658665967c6f5cc79ff1e8f667dae9c9a",
    "condition_id": "0xbc0c2be2a0b23f24cb2a9ad3e19d1d35297ec1455c03e88844b3e39a0a3b7acc",
    "bracket_low": 200,
    "bracket_high": 219
  },
  {
    "timestamp": 1772565949,
    "market_slug": "elon-musk-of-tweets-february-24-march-3-200-219",
    "event_slug": "elon-musk-of-tweets-february-24-march-3",
    "token_id": "47475983187855837427008711362911805686361376336041756680242784312679781202795",
    "outcome": "Yes",
    "side": "SELL",
    "price": 0.999,
    "size": 10,
    "transaction_hash": "0x8b592a9a163f5c3d4536611e89eb294dad50e805239c95f025093c3f4d59bfe7",
    "condition_id": "0xbc0c2be2a0b23f24cb2a9ad3e19d1d35297ec1455c03e88844b3e39a0a3b7acc",
    "bracket_low": 200,
    "bracket_high": 219
  },
  {
    "timestamp": 1772565847,
    "market_slug": "elon-musk-of-tweets-february-24-march-3-200-219",
    "event_slug": "elon-musk-of-tweets-february-24-march-3",
    "token_id": "47475983187855837427008711362911805686361376336041756680242784312679781202795",
    "outcome": "Yes",
    "side": "SELL",
    "price": 0.999,
    "size": 170.68,
    "transaction_hash": "0xd27fcc20cd840fcd19133a4bbe901ad631633f51c902b55d77e5db806b9a8662",
    "condition_id": "0xbc0c2be2a0b23f24cb2a9ad3e19d1d35297ec1455c03e88844b3e39a0a3b7acc",
    "bracket_low": 200,
    "bracket_high": 219
  },
  {
    "timestamp": 1772565775,
    "market_slug": "elon-musk-of-tweets-february-24-march-3-200-219",
    "event_slug": "elon-musk-of-tweets-february-24-march-3",
    "token_id": "47475983187855837427008711362911805686361376336041756680242784312679781202795",
    "outcome": "Yes",
    "side": "SELL",
    "price": 0.999,
    "size": 43.77,
    "transaction_hash": "0x5da33c283ca932c28b3115b0dd0ca9146a5ef49eb05ef8b212fb5f22cb9f1738",
    "condition_id": "0xbc0c2be2a0b23f24cb2a9ad3e19d1d35297ec1455c03e88844b3e39a0a3b7acc",
    "bracket_low": 200,
    "bracket_high": 219
  },
  {
    "timestamp": 1772565763,
    "market_slug": "elon-musk-of-tweets-february-24-march-3-220-239",
    "event_slug": "elon-musk-of-tweets-february-24-march-3",
    "token_id": "100929787658235120197027333414507985209436499488843882154710181817108949635715",
    "outcome": "No",
    "side": "SELL",
    "price": 0.999,
    "size": 123.18,
    "transaction_hash": "0xc3e6aa2f108e7c59022cc5237b704068a67633dd0958d55230928d914fbfd2f8",
    "condition_id": "0xd19d790ae7e1779d7b3c80dbd3c60caf680dcee0830cc2baabc69eb83222f45e",
    "bracket_low": 220,
    "bracket_high": 239
  },
  {
    "timestamp": 1772565721,
    "market_slug": "elon-musk-of-tweets-february-24-march-3-200-219",
    "event_slug": "elon-musk-of-tweets-february-24-march-3",
    "token_id": "47475983187855837427008711362911805686361376336041756680242784312679781202795",
    "outcome": "Yes",
    "side": "SELL",
    "price": 0.999,
    "size": 143.41,
    "transaction_hash": "0x620da50f53fa22b3128229dbc1ae07041d9df6344ba72504f1e662384d2798bc",
    "condition_id": "0xbc0c2be2a0b23f24cb2a9ad3e19d1d35297ec1455c03e88844b3e39a0a3b7acc",
    "bracket_low": 200,
    "bracket_high": 219
  },
  {
    "timestamp": 1772565621,
    "market_slug": "elon-musk-of-tweets-february-24-march-3-200-219",
    "event_slug": "elon-musk-of-tweets-february-24-march-3",
    "token_id": "47475983187855837427008711362911805686361376336041756680242784312679781202795",
    "outcome": "Yes",
    "side": "SELL",
    "price": 0.999,
    "size": 3.06,
    "transaction_hash": "0xe97452f0703759b52ba1777e98b55ec545af04f9d9adbcff811f15bd4a1e8572",
    "condition_id": "0xbc0c2be2a0b23f24cb2a9ad3e19d1d35297ec1455c03e88844b3e39a0a3b7acc",
    "bracket_low": 200,
    "bracket_high": 219
  },
  {
    "timestamp": 1772565559,
    "market_slug": "elon-musk-of-tweets-february-24-march-3-200-219",
    "event_slug": "elon-musk-of-tweets-february-24-march-3",
    "token_id": "47475983187855837427008711362911805686361376336041756680242784312679781202795",
    "outcome": "Yes",
    "side": "SELL",
    "price": 0.999,
    "size": 2.33,
    "transaction_hash": "0x22ed4bf3184924b4b7f8ab8df8d06343282b51ca4a285a90f0b54224cc29572a",
    "condition_id": "0xbc0c2be2a0b23f24cb2a9ad3e19d1d35297ec1455c03e88844b3e39a0a3b7acc",
    "bracket_low": 200,
    "bracket_high": 219
  },
  {
    "timestamp": 1772565521,
    "market_slug": "elon-musk-of-tweets-february-24-march-3-200-219",
    "event_slug": "elon-musk-of-tweets-february-24-march-3",
    "token_id": "47475983187855837427008711362911805686361376336041756680242784312679781202795",
    "outcome": "Yes",
    "side": "SELL",
    "price": 0.999,
    "size": 13.26,
    "transaction_hash": "0xcbd2b7733ed7b4ebdf9a732c2fe8e6c10f940386fb631d28dfeb1a904b415be6",
    "condition_id": "0xbc0c2be2a0b23f24cb2a9ad3e19d1d35297ec1455c03e88844b3e39a0a3b7acc",
    "bracket_low": 200,
    "bracket_high": 219
  },
  {
    "timestamp": 1772565477,
    "market_slug": "elon-musk-of-tweets-february-24-march-3-200-219",
    "event_slug": "elon-musk-of-tweets-february-24-march-3",
    "token_id": "45538676935395162552950320068766786433697642857287788805967627613077422730769",
    "outcome": "No",
    "side": "BUY",
    "price": 0.001,
    "size": 1000,
    "transaction_hash": "0x6ace715f7abbb545332aed55217847a36119be14cf9a2759260cd3fff52d20ef",
    "condition_id": "0xbc0c2be2a0b23f24cb2a9ad3e19d1d35297ec1455c03e88844b3e39a0a3b7acc",
    "bracket_low": 200,
    "bracket_high": 219
  },
  {
    "timestamp": 1772565153,
    "market_slug": "elon-musk-of-tweets-february-24-march-3-200-219",
    "event_slug": "elon-musk-of-tweets-february-24-march-3",
    "token_id": "45538676935395162552950320068766786433697642857287788805967627613077422730769",
    "outcome": "No",
    "side": "BUY",
    "price": 0.001,
    "size": 1000,
    "transaction_hash": "0xb9f0d72dd8deec265b85b07abb3fea9138f3a78c2ac58005217ad28e9f22b59d",
    "condition_id": "0xbc0c2be2a0b23f24cb2a9ad3e19d1d35297ec1455c03e88844b3e39a0a3b7acc",
    "bracket_low": 200,
    "bracket_high": 219
  },
  {
    "timestamp": 1772565087,
    "market_slug": "elon-musk-of-tweets-february-24-march-3-200-219",
    "event_slug": "elon-musk-of-tweets-february-24-march-3",
    "token_id": "47475983187855837427008711362911805686361376336041756680242784312679781202795",
    "outcome": "Yes",
    "side": "SELL",
    "price": 0.999,
    "size": 7.92,
    "transaction_hash": "0x04c86e6036f431176216f057b8ae11098dd27f1c7623cea0e48fc2cfd691a651",
    "condition_id": "0xbc0c2be2a0b23f24cb2a9ad3e19d1d35297ec1455c03e88844b3e39a0a3b7acc",
    "bracket_low": 200,
    "bracket_high": 219
  },
  {
    "timestamp": 1772564707,
    "market_slug": "elon-musk-of-tweets-february-24-march-3-200-219",
    "event_slug": "elon-musk-of-tweets-february-24-march-3",
    "token_id": "47475983187855837427008711362911805686361376336041756680242784312679781202795",
    "outcome": "Yes",
    "side": "SELL",
    "price": 0.999,
    "size": 15.38,
    "transaction_hash": "0x40f66786f0ac248a1f62d1486ec15ce64e18b916c306612f7105423e0d29d4c2",
    "condition_id": "0xbc0c2be2a0b23f24cb2a9ad3e19d1d35297ec1455c03e88844b3e39a0a3b7acc",
    "bracket_low": 200,
    "bracket_high": 219
  },
  {
    "timestamp": 1772564685,
    "market_slug": "elon-musk-of-tweets-february-24-march-3-200-219",
    "event_slug": "elon-musk-of-tweets-february-24-march-3",
    "token_id": "47475983187855837427008711362911805686361376336041756680242784312679781202795",
    "outcome": "Yes",
    "side": "SELL",
    "price": 0.999,
    "size": 77.32,
    "transaction_hash": "0xe18e22f8037ccb5132a8fc140236f62b6cbc0014d07666330fd5535efe7aa385",
    "condition_id": "0xbc0c2be2a0b23f24cb2a9ad3e19d1d35297ec1455c03e88844b3e39a0a3b7acc",
    "bracket_low": 200,
    "bracket_high": 219
  },
  {
    "timestamp": 1772564645,
    "market_slug": "elon-musk-of-tweets-february-24-march-3-220-239",
    "event_slug": "elon-musk-of-tweets-february-24-march-3",
    "token_id": "100929787658235120197027333414507985209436499488843882154710181817108949635715",
    "outcome": "No",
    "side": "SELL",
    "price": 0.999,
    "size": 8.16,
    "transaction_hash": "0xc2ea99b6abec1cf83ec8e6bfd92270a7b01661fc90347e37e7b648714ad5b62f",
    "condition_id": "0xd19d790ae7e1779d7b3c80dbd3c60caf680dcee0830cc2baabc69eb83222f45e",
    "bracket_low": 220,
    "bracket_high": 239
  },
  {
    "timestamp": 1772564551,
    "market_slug": "elon-musk-of-tweets-february-24-march-3-200-219",
    "event_slug": "elon-musk-of-tweets-february-24-march-3",
    "token_id": "47475983187855837427008711362911805686361376336041756680242784312679781202795",
    "outcome": "Yes",
    "side": "SELL",
    "price": 0.999,
    "size": 55.5,
    "transaction_hash": "0x9d0f127bd81ad8c7fa2bbb64e23061a9e06dadfd5f9ac5e888e6cd399dccc528",
    "condition_id": "0xbc0c2be2a0b23f24cb2a9ad3e19d1d35297ec1455c03e88844b3e39a0a3b7acc",
    "bracket_low": 200,
    "bracket_high": 219
  },
  {
    "timestamp": 1772564485,
    "market_slug": "elon-musk-of-tweets-february-24-march-3-200-219",
    "event_slug": "elon-musk-of-tweets-february-24-march-3",
    "token_id": "47475983187855837427008711362911805686361376336041756680242784312679781202795",
    "outcome": "Yes",
    "side": "SELL",
    "price": 0.999,
    "size": 532,
    "transaction_hash": "0xca853cdb766d2629faee3d156658542019f6fc4b14d2eca4c08f547012f47234",
    "condition_id": "0xbc0c2be2a0b23f24cb2a9ad3e19d1d35297ec1455c03e88844b3e39a0a3b7acc",
    "bracket_low": 200,
    "bracket_high": 219
  },
  {
    "timestamp": 1772564305,
    "market_slug": "elon-musk-of-tweets-february-24-march-3-220-239",
    "event_slug": "elon-musk-of-tweets-february-24-march-3",
    "token_id": "100929787658235120197027333414507985209436499488843882154710181817108949635715",
    "outcome": "No",
    "side": "SELL",
    "price": 0.999,
    "size": 5698.94,
    "transaction_hash": "0x6894dac2d2478409a9586ad54ebf9a0b633df9889ed442d24d5d84182de941a2",
    "condition_id": "0xd19d790ae7e1779d7b3c80dbd3c60caf680dcee0830cc2baabc69eb83222f45e",
    "bracket_low": 220,
    "bracket_high": 239
  },
  {
    "timestamp": 1772564219,
    "market_slug": "elon-musk-of-tweets-february-24-march-3-200-219",
    "event_slug": "elon-musk-of-tweets-february-24-march-3",
    "token_id": "47475983187855837427008711362911805686361376336041756680242784312679781202795",
    "outcome": "Yes",
    "side": "SELL",
    "price": 0.999,
    "size": 8.92,
    "transaction_hash": "0xc8aa85986f83ce7bebcd70aa53e9b75ac7d37441083744c4609612577c2db30d",
    "condition_id": "0xbc0c2be2a0b23f24cb2a9ad3e19d1d35297ec1455c03e88844b3e39a0a3b7acc",
    "bracket_low": 200,
    "bracket_high": 219
  },
  {
    "timestamp": 1772564159,
    "market_slug": "elon-musk-of-tweets-february-24-march-3-220-239",
    "event_slug": "elon-musk-of-tweets-february-24-march-3",
    "token_id": "90904633589107806788487313426170733956676682571524020130288580992623450966906",
    "outcome": "Yes",
    "side": "BUY",
    "price": 0.001,
    "size": 1000,
    "transaction_hash": "0xf72465a23a68ec438a93888b0b246b04ca3d790512769b5a9a7b506e0fcc456d",
    "condition_id": "0xd19d790ae7e1779d7b3c80dbd3c60caf680dcee0830cc2baabc69eb83222f45e",
    "bracket_low": 220,
    "bracket_high": 239
  },
  {
    "timestamp": 1772564087,
    "market_slug": "elon-musk-of-tweets-february-24-march-3-200-219",
    "event_slug": "elon-musk-of-tweets-february-24-march-3",
    "token_id": "47475983187855837427008711362911805686361376336041756680242784312679781202795",
    "outcome": "Yes",
    "side": "SELL",
    "price": 0.999,
    "size": 52.15,
    "transaction_hash": "0x24e4ed07af4a76db075100fe37b1e29e12e3e5608facd8a968f5a7509c04322b",
    "condition_id": "0xbc0c2be2a0b23f24cb2a9ad3e19d1d35297ec1455c03e88844b3e39a0a3b7acc",
    "bracket_low": 200,
    "bracket_high": 219
  },
  {
    "timestamp": 1772564033,
    "market_slug": "elon-musk-of-tweets-february-24-march-3-200-219",
    "event_slug": "elon-musk-of-tweets-february-24-march-3",
    "token_id": "47475983187855837427008711362911805686361376336041756680242784312679781202795",
    "outcome": "Yes",
    "side": "SELL",
    "price": 0.999,
    "size": 39.11,
    "transaction_hash": "0x1bb12b6f89e26a2da4b939f7ac22ab5cdf901251c2f32415d0883a5ad40e3654",
    "condition_id": "0xbc0c2be2a0b23f24cb2a9ad3e19d1d35297ec1455c03e88844b3e39a0a3b7acc",
    "bracket_low": 200,
    "bracket_high": 219
  },
  {
    "timestamp": 1772563983,
    "market_slug": "elon-musk-of-tweets-february-24-march-3-200-219",
    "event_slug": "elon-musk-of-tweets-february-24-march-3",
    "token_id": "47475983187855837427008711362911805686361376336041756680242784312679781202795",
    "outcome": "Yes",
    "side": "SELL",
    "price": 0.999,
    "size": 31.32,
    "transaction_hash": "0x4f94eb2586e8f1b4c047c3e84cdfdf5ecd6aa20777e56b712d656c02bcbade34",
    "condition_id": "0xbc0c2be2a0b23f24cb2a9ad3e19d1d35297ec1455c03e88844b3e39a0a3b7acc",
    "bracket_low": 200,
    "bracket_high": 219
  },
  {
    "timestamp": 1772563965,
    "market_slug": "elon-musk-of-tweets-february-24-march-3-200-219",
    "event_slug": "elon-musk-of-tweets-february-24-march-3",
    "token_id": "47475983187855837427008711362911805686361376336041756680242784312679781202795",
    "outcome": "Yes",
    "side": "SELL",
    "price": 0.999,
    "size": 3,
    "transaction_hash": "0x3d79089ecb1ff402234a6390ecc6f7c026292fd49c3a93aa3511dd900834d249",
    "condition_id": "0xbc0c2be2a0b23f24cb2a9ad3e19d1d35297ec1455c03e88844b3e39a0a3b7acc",
    "bracket_low": 200,
    "bracket_high": 219
  },
  {
    "timestamp": 1772563961,
    "market_slug": "elon-musk-of-tweets-february-24-march-3-200-219",
    "event_slug": "elon-musk-of-tweets-february-24-march-3",
    "token_id": "47475983187855837427008711362911805686361376336041756680242784312679781202795",
    "outcome": "Yes",
    "side": "SELL",
    "price": 0.999,
    "size": 1750,
    "transaction_hash": "0xbaf9989a4acd3ff59814041417d1182da476c9bc71b6802f1161a516a528a33e",
    "condition_id": "0xbc0c2be2a0b23f24cb2a9ad3e19d1d35297ec1455c03e88844b3e39a0a3b7acc",
    "bracket_low": 200,
    "bracket_high": 219
  },
  {
    "timestamp": 1772563909,
    "market_slug": "elon-musk-of-tweets-february-24-march-3-200-219",
    "event_slug": "elon-musk-of-tweets-february-24-march-3",
    "token_id": "47475983187855837427008711362911805686361376336041756680242784312679781202795",
    "outcome": "Yes",
    "side": "SELL",
    "price": 0.999,
    "size": 5.18,
    "transaction_hash": "0x17b805a3e1c916b4dc6cc0025e9b1398ffe3dc13901d008bcabcfa5a1cb8d01d",
    "condition_id": "0xbc0c2be2a0b23f24cb2a9ad3e19d1d35297ec1455c03e88844b3e39a0a3b7acc",
    "bracket_low": 200,
    "bracket_high": 219
  },
  {
    "timestamp": 1772563905,
    "market_slug": "elon-musk-of-tweets-february-24-march-3-280-299",
    "event_slug": "elon-musk-of-tweets-february-24-march-3",
    "token_id": "6646822311226621892302663427672636842263421166589092776656278162615636450982",
    "outcome": "No",
    "side": "SELL",
    "price": 0.999,
    "size": 2.02,
    "transaction_hash": "0xae99e0d5babc4f8c43841ac7df59ae128e84e20f8ca15f5e488cc85f8ab75e35",
    "condition_id": "0xe764eb501f5e8464df0faee2e33684431ee0e84691d511e4457250a3d28ee935",
    "bracket_low": 280,
    "bracket_high": 299
  },
  {
    "timestamp": 1772563901,
    "market_slug": "elon-musk-of-tweets-february-24-march-3-240-259",
    "event_slug": "elon-musk-of-tweets-february-24-march-3",
    "token_id": "110303752995239052066022525574945776061856613733023005334281779466996360317567",
    "outcome": "No",
    "side": "SELL",
    "price": 0.999,
    "size": 2.02,
    "transaction_hash": "0x8048f310973da239b3fd001e62d219b331ebff1cf808e74837f51b2465ef15a9",
    "condition_id": "0x26fa23187c3d1666d6d63e28f4f405ccfaa57c2edd6cdb8354c91dfe770134cc",
    "bracket_low": 240,
    "bracket_high": 259
  },
  {
    "timestamp": 1772563891,
    "market_slug": "elon-musk-of-tweets-february-24-march-3-200-219",
    "event_slug": "elon-musk-of-tweets-february-24-march-3",
    "token_id": "47475983187855837427008711362911805686361376336041756680242784312679781202795",
    "outcome": "Yes",
    "side": "SELL",
    "price": 0.999,
    "size": 2.04,
    "transaction_hash": "0x5a3b79c88821ed1daef55ea5317bd1199598b395b7a6920823317aa49e09db07",
    "condition_id": "0xbc0c2be2a0b23f24cb2a9ad3e19d1d35297ec1455c03e88844b3e39a0a3b7acc",
    "bracket_low": 200,
    "bracket_high": 219
  },
  {
    "timestamp": 1772563887,
    "market_slug": "elon-musk-of-tweets-february-24-march-3-260-279",
    "event_slug": "elon-musk-of-tweets-february-24-march-3",
    "token_id": "106336076049498371967487934109425761239322292253157482421890834015476383640521",
    "outcome": "No",
    "side": "SELL",
    "price": 0.999,
    "size": 130.23,
    "transaction_hash": "0x8b190f2ada6d49a8a80942ebb26e8449a9611ec850882f4d37f8e9a4b0649abe",
    "condition_id": "0x2993560bd6596d059fdc63d2cd454283ee6bd3556346db6c421c4ef0d953cde2",
    "bracket_low": 260,
    "bracket_high": 279
  },
  {
    "timestamp": 1772563885,
    "market_slug": "elon-musk-of-tweets-february-24-march-3-260-279",
    "event_slug": "elon-musk-of-tweets-february-24-march-3",
    "token_id": "106336076049498371967487934109425761239322292253157482421890834015476383640521",
    "outcome": "No",
    "side": "SELL",
    "price": 0.999,
    "size": 2.06,
    "transaction_hash": "0xb17fb7f6c5b09890174626b1e8023156f9a43ba220adc96d5f88cfa52707db1a",
    "condition_id": "0x2993560bd6596d059fdc63d2cd454283ee6bd3556346db6c421c4ef0d953cde2",
    "bracket_low": 260,
    "bracket_high": 279
  },
  {
    "timestamp": 1772563751,
    "market_slug": "elon-musk-of-tweets-february-24-march-3-200-219",
    "event_slug": "elon-musk-of-tweets-february-24-march-3",
    "token_id": "47475983187855837427008711362911805686361376336041756680242784312679781202795",
    "outcome": "Yes",
    "side": "SELL",
    "price": 0.999,
    "size": 1.29,
    "transaction_hash": "0xf955eb8a7c9cd7ec265dc12983e5fff5ea22263528426157cd181ad78a3673ab",
    "condition_id": "0xbc0c2be2a0b23f24cb2a9ad3e19d1d35297ec1455c03e88844b3e39a0a3b7acc",
    "bracket_low": 200,
    "bracket_high": 219
  },
  {
    "timestamp": 1772563705,
    "market_slug": "elon-musk-of-tweets-february-24-march-3-220-239",
    "event_slug": "elon-musk-of-tweets-february-24-march-3",
    "token_id": "100929787658235120197027333414507985209436499488843882154710181817108949635715",
    "outcome": "No",
    "side": "SELL",
    "price": 0.999,
    "size": 66.96,
    "transaction_hash": "0x56e57909c963e9f87d6283c3bfd07a5579c9a557e3d59ac9a5df1ad1b37e5307",
    "condition_id": "0xd19d790ae7e1779d7b3c80dbd3c60caf680dcee0830cc2baabc69eb83222f45e",
    "bracket_low": 220,
    "bracket_high": 239
  },
  {
    "timestamp": 1772563675,
    "market_slug": "elon-musk-of-tweets-february-24-march-3-240-259",
    "event_slug": "elon-musk-of-tweets-february-24-march-3",
    "token_id": "110303752995239052066022525574945776061856613733023005334281779466996360317567",
    "outcome": "No",
    "side": "SELL",
    "price": 0.999,
    "size": 1.14,
    "transaction_hash": "0xf2f4263142334ade47bcdd78e93319a496e5fed0e70799e42b3003a4963d800c",
    "condition_id": "0x26fa23187c3d1666d6d63e28f4f405ccfaa57c2edd6cdb8354c91dfe770134cc",
    "bracket_low": 240,
    "bracket_high": 259
  },
  {
    "timestamp": 1772563599,
    "market_slug": "elon-musk-of-tweets-february-24-march-3-200-219",
    "event_slug": "elon-musk-of-tweets-february-24-march-3",
    "token_id": "47475983187855837427008711362911805686361376336041756680242784312679781202795",
    "outcome": "Yes",
    "side": "SELL",
    "price": 0.999,
    "size": 117.72,
    "transaction_hash": "0x2e7e0ab04962c8e8505dc100e89fec7fd2502b3fa3614e9b96f1b8ae0d079100",
    "condition_id": "0xbc0c2be2a0b23f24cb2a9ad3e19d1d35297ec1455c03e88844b3e39a0a3b7acc",
    "bracket_low": 200,
    "bracket_high": 219
  },
  {
    "timestamp": 1772563559,
    "market_slug": "elon-musk-of-tweets-february-24-march-3-220-239",
    "event_slug": "elon-musk-of-tweets-february-24-march-3",
    "token_id": "100929787658235120197027333414507985209436499488843882154710181817108949635715",
    "outcome": "No",
    "side": "SELL",
    "price": 0.999,
    "size": 34.81,
    "transaction_hash": "0x1d73c1dfc83e834d8209be30cca9495037e215db4be384609d9f2a694203ea39",
    "condition_id": "0xd19d790ae7e1779d7b3c80dbd3c60caf680dcee0830cc2baabc69eb83222f45e",
    "bracket_low": 220,
    "bracket_high": 239
  },
  {
    "timestamp": 1772563459,
    "market_slug": "elon-musk-of-tweets-february-24-march-3-200-219",
    "event_slug": "elon-musk-of-tweets-february-24-march-3",
    "token_id": "47475983187855837427008711362911805686361376336041756680242784312679781202795",
    "outcome": "Yes",
    "side": "SELL",
    "price": 0.999,
    "size": 131,
    "transaction_hash": "0xdfdd76970ad155f2e48c1b8aa11c9395542b58c73689e7cd1c757702eab1b471",
    "condition_id": "0xbc0c2be2a0b23f24cb2a9ad3e19d1d35297ec1455c03e88844b3e39a0a3b7acc",
    "bracket_low": 200,
    "bracket_high": 219
  },
  {
    "timestamp": 1772563439,
    "market_slug": "elon-musk-of-tweets-february-24-march-3-220-239",
    "event_slug": "elon-musk-of-tweets-february-24-march-3",
    "token_id": "90904633589107806788487313426170733956676682571524020130288580992623450966906",
    "outcome": "Yes",
    "side": "BUY",
    "price": 0.001,
    "size": 1000,
    "transaction_hash": "0x2cacd982c98ace08a64eebe1207a4095067c2e970f58d7972d5768bea22c644a",
    "condition_id": "0xd19d790ae7e1779d7b3c80dbd3c60caf680dcee0830cc2baabc69eb83222f45e",
    "bracket_low": 220,
    "bracket_high": 239
  },
  {
    "timestamp": 1772563415,
    "market_slug": "elon-musk-of-tweets-february-24-march-3-200-219",
    "event_slug": "elon-musk-of-tweets-february-24-march-3",
    "token_id": "47475983187855837427008711362911805686361376336041756680242784312679781202795",
    "outcome": "Yes",
    "side": "SELL",
    "price": 0.999,
    "size": 261.26,
    "transaction_hash": "0x323ad418167d2d3583ce5eeeded1a8438f20e8050b77688694dca9230759bfb3",
    "condition_id": "0xbc0c2be2a0b23f24cb2a9ad3e19d1d35297ec1455c03e88844b3e39a0a3b7acc",
    "bracket_low": 200,
    "bracket_high": 219
  },
  {
    "timestamp": 1772563245,
    "market_slug": "elon-musk-of-tweets-february-24-march-3-220-239",
    "event_slug": "elon-musk-of-tweets-february-24-march-3",
    "token_id": "90904633589107806788487313426170733956676682571524020130288580992623450966906",
    "outcome": "Yes",
    "side": "BUY",
    "price": 0.001,
    "size": 1000,
    "transaction_hash": "0xeeca8c350f76989a41b9e230d22fef0fe0dd8bead0f7ecf1f969135a48793421",
    "condition_id": "0xd19d790ae7e1779d7b3c80dbd3c60caf680dcee0830cc2baabc69eb83222f45e",
    "bracket_low": 220,
    "bracket_high": 239
  },
  {
    "timestamp": 1772563227,
    "market_slug": "elon-musk-of-tweets-february-24-march-3-200-219",
    "event_slug": "elon-musk-of-tweets-february-24-march-3",
    "token_id": "47475983187855837427008711362911805686361376336041756680242784312679781202795",
    "outcome": "Yes",
    "side": "SELL",
    "price": 0.999,
    "size": 2.04,
    "transaction_hash": "0x3b6632740bd319a1b038295e537f09be1abd2db66f97abf9ec08cf71db620782",
    "condition_id": "0xbc0c2be2a0b23f24cb2a9ad3e19d1d35297ec1455c03e88844b3e39a0a3b7acc",
    "bracket_low": 200,
    "bracket_high": 219
  },
  {
    "timestamp": 1772563131,
    "market_slug": "elon-musk-of-tweets-february-24-march-3-200-219",
    "event_slug": "elon-musk-of-tweets-february-24-march-3",
    "token_id": "47475983187855837427008711362911805686361376336041756680242784312679781202795",
    "outcome": "Yes",
    "side": "SELL",
    "price": 0.999,
    "size": 83.2,
    "transaction_hash": "0xb6ee6d0cc2ebdb00ec11bd8b0fee17ddc4abb267256dafbff9832dd80c92f255",
    "condition_id": "0xbc0c2be2a0b23f24cb2a9ad3e19d1d35297ec1455c03e88844b3e39a0a3b7acc",
    "bracket_low": 200,
    "bracket_high": 219
  },
  {
    "timestamp": 1772563109,
    "market_slug": "elon-musk-of-tweets-february-24-march-3-260-279",
    "event_slug": "elon-musk-of-tweets-february-24-march-3",
    "token_id": "106336076049498371967487934109425761239322292253157482421890834015476383640521",
    "outcome": "No",
    "side": "SELL",
    "price": 0.999,
    "size": 1.08,
    "transaction_hash": "0xc3c83e1ccdfe9ae8463765d4bbe77d4e47c7e9670cf15ed324b0e987b3f9f7dd",
    "condition_id": "0x2993560bd6596d059fdc63d2cd454283ee6bd3556346db6c421c4ef0d953cde2",
    "bracket_low": 260,
    "bracket_high": 279
  },
  {
    "timestamp": 1772563105,
    "market_slug": "elon-musk-of-tweets-february-24-march-3-280-299",
    "event_slug": "elon-musk-of-tweets-february-24-march-3",
    "token_id": "6646822311226621892302663427672636842263421166589092776656278162615636450982",
    "outcome": "No",
    "side": "SELL",
    "price": 0.999,
    "size": 1.03,
    "transaction_hash": "0x94b6239c17dcf56899cb6d935c30a9c24e172efb93bceda61190ea7403101b2a",
    "condition_id": "0xe764eb501f5e8464df0faee2e33684431ee0e84691d511e4457250a3d28ee935",
    "bracket_low": 280,
    "bracket_high": 299
  },
  {
    "timestamp": 1772563041,
    "market_slug": "elon-musk-of-tweets-february-24-march-3-300-319",
    "event_slug": "elon-musk-of-tweets-february-24-march-3",
    "token_id": "48331204954913320070332857922109014329241157037331473425927987056126109055181",
    "outcome": "No",
    "side": "SELL",
    "price": 0.999,
    "size": 2.03,
    "transaction_hash": "0x1eb2de3dffd5822e2af927a275dca3c4d270e2acb1d9e9f9857bf1341d7d5c1f",
    "condition_id": "0xb3ad44e703969173f6fda7aeeae42c778a87be91abf72d0f108fe4f6f00e8e02",
    "bracket_low": 300,
    "bracket_high": 319
  },
  {
    "timestamp": 1772563035,
    "market_slug": "elon-musk-of-tweets-february-24-march-3-400-419",
    "event_slug": "elon-musk-of-tweets-february-24-march-3",
    "token_id": "51145118025043326337867250995981125322493732871038724407033133736367775498757",
    "outcome": "No",
    "side": "SELL",
    "price": 0.999,
    "size": 2.03,
    "transaction_hash": "0x36ec0c94925f9eb4add28f210f7c2991e5fe5f0ae537643e5c1da65f896cb0e7",
    "condition_id": "0x7eb9bc0a7a0d945643f6477f49250ca0621d177435bc530e6df3ad860ea0b589",
    "bracket_low": 400,
    "bracket_high": 419
  },
  {
    "timestamp": 1772563033,
    "market_slug": "elon-musk-of-tweets-february-24-march-3-380-399",
    "event_slug": "elon-musk-of-tweets-february-24-march-3",
    "token_id": "106830808418700927246048908475016523155642188280214224593118615108446038107046",
    "outcome": "No",
    "side": "SELL",
    "price": 0.999,
    "size": 2.04,
    "transaction_hash": "0x59ab0e127110796388cce32d1cf4bf3d57878f0d45d7ecbda509c93eb3ec8975",
    "condition_id": "0x44d6eac035b979c821e283f77263122504cb5546279d6a22ff0ad154126cb095",
    "bracket_low": 380,
    "bracket_high": 399
  },
  {
    "timestamp": 1772563029,
    "market_slug": "elon-musk-of-tweets-february-24-march-3-360-379",
    "event_slug": "elon-musk-of-tweets-february-24-march-3",
    "token_id": "8005811041743480366393548107604537799420324854725730112989173110289089311323",
    "outcome": "No",
    "side": "SELL",
    "price": 0.999,
    "size": 2.1,
    "transaction_hash": "0x6732ffb2bc160a5a23cfccfc595a9df0fe078e217ea12a9c74aa8ac2c73284ae",
    "condition_id": "0x17ae193a728d2e1dba770f1f72c9f8e2c907407984506b5d7d5ab279f6ac2b0f",
    "bracket_low": 360,
    "bracket_high": 379
  },
  {
    "timestamp": 1772562981,
    "market_slug": "elon-musk-of-tweets-february-24-march-3-200-219",
    "event_slug": "elon-musk-of-tweets-february-24-march-3",
    "token_id": "47475983187855837427008711362911805686361376336041756680242784312679781202795",
    "outcome": "Yes",
    "side": "SELL",
    "price": 0.999,
    "size": 1046.29,
    "transaction_hash": "0x3da797239488a7d5a553ea53612d3a0a0c972175cb548531f039290e561d885d",
    "condition_id": "0xbc0c2be2a0b23f24cb2a9ad3e19d1d35297ec1455c03e88844b3e39a0a3b7acc",
    "bracket_low": 200,
    "bracket_high": 219
  },
  {
    "timestamp": 1772562823,
    "market_slug": "elon-musk-of-tweets-february-24-march-3-220-239",
    "event_slug": "elon-musk-of-tweets-february-24-march-3",
    "token_id": "100929787658235120197027333414507985209436499488843882154710181817108949635715",
    "outcome": "No",
    "side": "SELL",
    "price": 0.999,
    "size": 1.57,
    "transaction_hash": "0xd18e6499a36b6484533d535c60cc1acc6fca5b10ee72fc9dac7be14ec97d6750",
    "condition_id": "0xd19d790ae7e1779d7b3c80dbd3c60caf680dcee0830cc2baabc69eb83222f45e",
    "bracket_low": 220,
    "bracket_high": 239
  },
  {
    "timestamp": 1772562817,
    "market_slug": "elon-musk-of-tweets-february-24-march-3-240-259",
    "event_slug": "elon-musk-of-tweets-february-24-march-3",
    "token_id": "110303752995239052066022525574945776061856613733023005334281779466996360317567",
    "outcome": "No",
    "side": "SELL",
    "price": 0.999,
    "size": 1.2,
    "transaction_hash": "0x928f41acf2bd073ef6f79a0a5c1d006e56e3a5c1ba130f36deeba164deb94b70",
    "condition_id": "0x26fa23187c3d1666d6d63e28f4f405ccfaa57c2edd6cdb8354c91dfe770134cc",
    "bracket_low": 240,
    "bracket_high": 259
  },
  {
    "timestamp": 1772562807,
    "market_slug": "elon-musk-of-tweets-february-24-march-3-240-259",
    "event_slug": "elon-musk-of-tweets-february-24-march-3",
    "token_id": "110303752995239052066022525574945776061856613733023005334281779466996360317567",
    "outcome": "No",
    "side": "SELL",
    "price": 0.999,
    "size": 340.01,
    "transaction_hash": "0x6b5b6a5c431cf79776f73d33f5e67885f2e01cb3251ed9c1df68141f444a6540",
    "condition_id": "0x26fa23187c3d1666d6d63e28f4f405ccfaa57c2edd6cdb8354c91dfe770134cc",
    "bracket_low": 240,
    "bracket_high": 259
  },
  {
    "timestamp": 1772562803,
    "market_slug": "elon-musk-of-tweets-february-24-march-3-280-299",
    "event_slug": "elon-musk-of-tweets-february-24-march-3",
    "token_id": "6646822311226621892302663427672636842263421166589092776656278162615636450982",
    "outcome": "No",
    "side": "SELL",
    "price": 0.999,
    "size": 1.01,
    "transaction_hash": "0x024f911451f9575ae67f70a45f36e21638c0a7623383945ee483706eb3e3a3fc",
    "condition_id": "0xe764eb501f5e8464df0faee2e33684431ee0e84691d511e4457250a3d28ee935",
    "bracket_low": 280,
    "bracket_high": 299
  },
  {
    "timestamp": 1772562727,
    "market_slug": "elon-musk-of-tweets-february-24-march-3-200-219",
    "event_slug": "elon-musk-of-tweets-february-24-march-3",
    "token_id": "47475983187855837427008711362911805686361376336041756680242784312679781202795",
    "outcome": "Yes",
    "side": "SELL",
    "price": 0.999,
    "size": 3.73,
    "transaction_hash": "0xc3631338805b81f1bc3b5c8dce9e9b7e3f19e1defe8b465f860e34f2340795ef",
    "condition_id": "0xbc0c2be2a0b23f24cb2a9ad3e19d1d35297ec1455c03e88844b3e39a0a3b7acc",
    "bracket_low": 200,
    "bracket_high": 219
  },
  {
    "timestamp": 1772562667,
    "market_slug": "elon-musk-of-tweets-february-24-march-3-200-219",
    "event_slug": "elon-musk-of-tweets-february-24-march-3",
    "token_id": "47475983187855837427008711362911805686361376336041756680242784312679781202795",
    "outcome": "Yes",
    "side": "SELL",
    "price": 0.999,
    "size": 0.3,
    "transaction_hash": "0x483d05b79ddb1abe7e32d606ed0c83165d9457e71d5b1626ecc55a9bdd5c1765",
    "condition_id": "0xbc0c2be2a0b23f24cb2a9ad3e19d1d35297ec1455c03e88844b3e39a0a3b7acc",
    "bracket_low": 200,
    "bracket_high": 219
  },
  {
    "timestamp": 1772562667,
    "market_slug": "elon-musk-of-tweets-february-24-march-3-200-219",
    "event_slug": "elon-musk-of-tweets-february-24-march-3",
    "token_id": "47475983187855837427008711362911805686361376336041756680242784312679781202795",
    "outcome": "Yes",
    "side": "SELL",
    "price": 0.999,
    "size": 11.11,
    "transaction_hash": "0xf4d9186c7cdfe5ef34e940859e84a77e039e027b929e2c6e2af1b666da6207cf",
    "condition_id": "0xbc0c2be2a0b23f24cb2a9ad3e19d1d35297ec1455c03e88844b3e39a0a3b7acc",
    "bracket_low": 200,
    "bracket_high": 219
  },
  {
    "timestamp": 1772562663,
    "market_slug": "elon-musk-of-tweets-february-24-march-3-200-219",
    "event_slug": "elon-musk-of-tweets-february-24-march-3",
    "token_id": "47475983187855837427008711362911805686361376336041756680242784312679781202795",
    "outcome": "Yes",
    "side": "SELL",
    "price": 0.999,
    "size": 0.1,
    "transaction_hash": "0xa8eac0df893965c209eb347da965bac65a589edf45c7b4611331e09daacc5e64",
    "condition_id": "0xbc0c2be2a0b23f24cb2a9ad3e19d1d35297ec1455c03e88844b3e39a0a3b7acc",
    "bracket_low": 200,
    "bracket_high": 219
  },
  {
    "timestamp": 1772562663,
    "market_slug": "elon-musk-of-tweets-february-24-march-3-200-219",
    "event_slug": "elon-musk-of-tweets-february-24-march-3",
    "token_id": "47475983187855837427008711362911805686361376336041756680242784312679781202795",
    "outcome": "Yes",
    "side": "SELL",
    "price": 0.999,
    "size": 0.32,
    "transaction_hash": "0x8853b3d7804e927aa3b38459d5a7ac997eb3c69ecc867407bc17c8cfd783d85a",
    "condition_id": "0xbc0c2be2a0b23f24cb2a9ad3e19d1d35297ec1455c03e88844b3e39a0a3b7acc",
    "bracket_low": 200,
    "bracket_high": 219
  },
  {
    "timestamp": 1772562663,
    "market_slug": "elon-musk-of-tweets-february-24-march-3-200-219",
    "event_slug": "elon-musk-of-tweets-february-24-march-3",
    "token_id": "47475983187855837427008711362911805686361376336041756680242784312679781202795",
    "outcome": "Yes",
    "side": "SELL",
    "price": 0.999,
    "size": 0.24,
    "transaction_hash": "0xbe3373a7bcebb0b1275ede29235eb5e21643c60dc89fc3355a7ef0616cd27dd2",
    "condition_id": "0xbc0c2be2a0b23f24cb2a9ad3e19d1d35297ec1455c03e88844b3e39a0a3b7acc",
    "bracket_low": 200,
    "bracket_high": 219
  },
  {
    "timestamp": 1772562661,
    "market_slug": "elon-musk-of-tweets-february-24-march-3-200-219",
    "event_slug": "elon-musk-of-tweets-february-24-march-3",
    "token_id": "47475983187855837427008711362911805686361376336041756680242784312679781202795",
    "outcome": "Yes",
    "side": "SELL",
    "price": 0.999,
    "size": 111,
    "transaction_hash": "0xfafccc7a44a44a5ab15a21bea27b9036276771493e59a1137566b6bfdc0d3cfa",
    "condition_id": "0xbc0c2be2a0b23f24cb2a9ad3e19d1d35297ec1455c03e88844b3e39a0a3b7acc",
    "bracket_low": 200,
    "bracket_high": 219
  },
  {
    "timestamp": 1772562549,
    "market_slug": "elon-musk-of-tweets-february-24-march-3-200-219",
    "event_slug": "elon-musk-of-tweets-february-24-march-3",
    "token_id": "47475983187855837427008711362911805686361376336041756680242784312679781202795",
    "outcome": "Yes",
    "side": "SELL",
    "price": 0.999,
    "size": 100,
    "transaction_hash": "0x9c68e7f46f3da19395d943d5e12a164272bd8539f38939ffb2c7bf585b88382d",
    "condition_id": "0xbc0c2be2a0b23f24cb2a9ad3e19d1d35297ec1455c03e88844b3e39a0a3b7acc",
    "bracket_low": 200,
    "bracket_high": 219
  },
  {
    "timestamp": 1772562337,
    "market_slug": "elon-musk-of-tweets-february-24-march-3-220-239",
    "event_slug": "elon-musk-of-tweets-february-24-march-3",
    "token_id": "100929787658235120197027333414507985209436499488843882154710181817108949635715",
    "outcome": "No",
    "side": "SELL",
    "price": 0.999,
    "size": 5.41,
    "transaction_hash": "0x2694b4e12fe3ed788c415cafb9d67d0bb9f80c52c8daa8a19114020f6476eba5",
    "condition_id": "0xd19d790ae7e1779d7b3c80dbd3c60caf680dcee0830cc2baabc69eb83222f45e",
    "bracket_low": 220,
    "bracket_high": 239
  },
  {
    "timestamp": 1772562289,
    "market_slug": "elon-musk-of-tweets-february-24-march-3-200-219",
    "event_slug": "elon-musk-of-tweets-february-24-march-3",
    "token_id": "45538676935395162552950320068766786433697642857287788805967627613077422730769",
    "outcome": "No",
    "side": "BUY",
    "price": 0.001,
    "size": 1120,
    "transaction_hash": "0x6f9ddf276a6279764eb0229e5924fd05b9c90aff0966c14da71b9ec0036eee2e",
    "condition_id": "0xbc0c2be2a0b23f24cb2a9ad3e19d1d35297ec1455c03e88844b3e39a0a3b7acc",
    "bracket_low": 200,
    "bracket_high": 219
  },
  {
    "timestamp": 1772562279,
    "market_slug": "elon-musk-of-tweets-february-24-march-3-200-219",
    "event_slug": "elon-musk-of-tweets-february-24-march-3",
    "token_id": "47475983187855837427008711362911805686361376336041756680242784312679781202795",
    "outcome": "Yes",
    "side": "SELL",
    "price": 0.999,
    "size": 7.75,
    "transaction_hash": "0xc48226e35f5258964f5dfccce0117e4c1ca5143e37cf26ed622e80df3b1287a8",
    "condition_id": "0xbc0c2be2a0b23f24cb2a9ad3e19d1d35297ec1455c03e88844b3e39a0a3b7acc",
    "bracket_low": 200,
    "bracket_high": 219
  },
  {
    "timestamp": 1772562265,
    "market_slug": "elon-musk-of-tweets-february-24-march-3-200-219",
    "event_slug": "elon-musk-of-tweets-february-24-march-3",
    "token_id": "45538676935395162552950320068766786433697642857287788805967627613077422730769",
    "outcome": "No",
    "side": "BUY",
    "price": 0.001,
    "size": 1000,
    "transaction_hash": "0x5d01ba2e28759e308061fb15cb44936a064280937a3d7bf691cb0e5645d73bc3",
    "condition_id": "0xbc0c2be2a0b23f24cb2a9ad3e19d1d35297ec1455c03e88844b3e39a0a3b7acc",
    "bracket_low": 200,
    "bracket_high": 219
  },
  {
    "timestamp": 1772562203,
    "market_slug": "elon-musk-of-tweets-february-24-march-3-200-219",
    "event_slug": "elon-musk-of-tweets-february-24-march-3",
    "token_id": "47475983187855837427008711362911805686361376336041756680242784312679781202795",
    "outcome": "Yes",
    "side": "SELL",
    "price": 0.999,
    "size": 416.14,
    "transaction_hash": "0x2a3e8eb1a397e1fe1be924f04a796b226481082c8ebb6a2c49c033e2c6064d71",
    "condition_id": "0xbc0c2be2a0b23f24cb2a9ad3e19d1d35297ec1455c03e88844b3e39a0a3b7acc",
    "bracket_low": 200,
    "bracket_high": 219
  },
  {
    "timestamp": 1772562175,
    "market_slug": "elon-musk-of-tweets-february-24-march-3-200-219",
    "event_slug": "elon-musk-of-tweets-february-24-march-3",
    "token_id": "47475983187855837427008711362911805686361376336041756680242784312679781202795",
    "outcome": "Yes",
    "side": "SELL",
    "price": 0.999,
    "size": 1.27,
    "transaction_hash": "0xd2e641cf66aaf0e6f9839f969935ae7294885dbc17b640f75ab6d04f978d9362",
    "condition_id": "0xbc0c2be2a0b23f24cb2a9ad3e19d1d35297ec1455c03e88844b3e39a0a3b7acc",
    "bracket_low": 200,
    "bracket_high": 219
  },
  {
    "timestamp": 1772562143,
    "market_slug": "elon-musk-of-tweets-february-24-march-3-200-219",
    "event_slug": "elon-musk-of-tweets-february-24-march-3",
    "token_id": "47475983187855837427008711362911805686361376336041756680242784312679781202795",
    "outcome": "Yes",
    "side": "SELL",
    "price": 0.999,
    "size": 175.69,
    "transaction_hash": "0xcda7bee93c1037044b60faebe47f06e40e3dc1e373013eb1195a88906f09aaab",
    "condition_id": "0xbc0c2be2a0b23f24cb2a9ad3e19d1d35297ec1455c03e88844b3e39a0a3b7acc",
    "bracket_low": 200,
    "bracket_high": 219
  },
  {
    "timestamp": 1772561997,
    "market_slug": "elon-musk-of-tweets-february-24-march-3-200-219",
    "event_slug": "elon-musk-of-tweets-february-24-march-3",
    "token_id": "47475983187855837427008711362911805686361376336041756680242784312679781202795",
    "outcome": "Yes",
    "side": "SELL",
    "price": 0.999,
    "size": 124.72,
    "transaction_hash": "0x2f36be3550f4735160b981acf08df83b3b3cb4d9eceb68812a80453acc8b423a",
    "condition_id": "0xbc0c2be2a0b23f24cb2a9ad3e19d1d35297ec1455c03e88844b3e39a0a3b7acc",
    "bracket_low": 200,
    "bracket_high": 219
  },
  {
    "timestamp": 1772561909,
    "market_slug": "elon-musk-of-tweets-february-24-march-3-200-219",
    "event_slug": "elon-musk-of-tweets-february-24-march-3",
    "token_id": "45538676935395162552950320068766786433697642857287788805967627613077422730769",
    "outcome": "No",
    "side": "BUY",
    "price": 0.001,
    "size": 1000,
    "transaction_hash": "0x111e097a721ff19046ebd734a1f881e2a4bc01cc719c22f45a4c8e85a6713b7a",
    "condition_id": "0xbc0c2be2a0b23f24cb2a9ad3e19d1d35297ec1455c03e88844b3e39a0a3b7acc",
    "bracket_low": 200,
    "bracket_high": 219
  },
  {
    "timestamp": 1772561747,
    "market_slug": "elon-musk-of-tweets-february-24-march-3-200-219",
    "event_slug": "elon-musk-of-tweets-february-24-march-3",
    "token_id": "47475983187855837427008711362911805686361376336041756680242784312679781202795",
    "outcome": "Yes",
    "side": "SELL",
    "price": 0.999,
    "size": 261.25,
    "transaction_hash": "0xb172b2afc60873ef6112e83a6c0b7a7e071c528c00a094923c23edc5fd5e2908",
    "condition_id": "0xbc0c2be2a0b23f24cb2a9ad3e19d1d35297ec1455c03e88844b3e39a0a3b7acc",
    "bracket_low": 200,
    "bracket_high": 219
  },
  {
    "timestamp": 1772561711,
    "market_slug": "elon-musk-of-tweets-february-24-march-3-200-219",
    "event_slug": "elon-musk-of-tweets-february-24-march-3",
    "token_id": "47475983187855837427008711362911805686361376336041756680242784312679781202795",
    "outcome": "Yes",
    "side": "SELL",
    "price": 0.999,
    "size": 445.87,
    "transaction_hash": "0x5f24b61b8dd54e343cbb6454d380534f2f0e534677ac38e7c15ac524ed0e060e",
    "condition_id": "0xbc0c2be2a0b23f24cb2a9ad3e19d1d35297ec1455c03e88844b3e39a0a3b7acc",
    "bracket_low": 200,
    "bracket_high": 219
  },
  {
    "timestamp": 1772561709,
    "market_slug": "elon-musk-of-tweets-february-24-march-3-200-219",
    "event_slug": "elon-musk-of-tweets-february-24-march-3",
    "token_id": "47475983187855837427008711362911805686361376336041756680242784312679781202795",
    "outcome": "Yes",
    "side": "SELL",
    "price": 0.999,
    "size": 500,
    "transaction_hash": "0x2d188def02453eb1fd7cd628c3a8b71b0e8abdedd5a3abb59a26906e27ce0e57",
    "condition_id": "0xbc0c2be2a0b23f24cb2a9ad3e19d1d35297ec1455c03e88844b3e39a0a3b7acc",
    "bracket_low": 200,
    "bracket_high": 219
  },
  {
    "timestamp": 1772561647,
    "market_slug": "elon-musk-of-tweets-february-24-march-3-200-219",
    "event_slug": "elon-musk-of-tweets-february-24-march-3",
    "token_id": "45538676935395162552950320068766786433697642857287788805967627613077422730769",
    "outcome": "No",
    "side": "BUY",
    "price": 0.001,
    "size": 2000,
    "transaction_hash": "0x4fcdfa45e10382d52916262170406aca9ba65e31e21d3a81fe5f19031ee1756d",
    "condition_id": "0xbc0c2be2a0b23f24cb2a9ad3e19d1d35297ec1455c03e88844b3e39a0a3b7acc",
    "bracket_low": 200,
    "bracket_high": 219
  },
  {
    "timestamp": 1772561391,
    "market_slug": "elon-musk-of-tweets-february-24-march-3-260-279",
    "event_slug": "elon-musk-of-tweets-february-24-march-3",
    "token_id": "106336076049498371967487934109425761239322292253157482421890834015476383640521",
    "outcome": "No",
    "side": "SELL",
    "price": 0.999,
    "size": 2209.72,
    "transaction_hash": "0x6ea535d6fc6aacb242b3029329fae674d01b8bafe1c67f5422718f98cfbdb288",
    "condition_id": "0x2993560bd6596d059fdc63d2cd454283ee6bd3556346db6c421c4ef0d953cde2",
    "bracket_low": 260,
    "bracket_high": 279
  },
  {
    "timestamp": 1772561325,
    "market_slug": "elon-musk-of-tweets-february-24-march-3-220-239",
    "event_slug": "elon-musk-of-tweets-february-24-march-3",
    "token_id": "100929787658235120197027333414507985209436499488843882154710181817108949635715",
    "outcome": "No",
    "side": "SELL",
    "price": 0.999,
    "size": 25.56,
    "transaction_hash": "0xe31fd315b0e28a53237ae7725f48bed66d14d3fabff01e17b8ed20326ebc76f8",
    "condition_id": "0xd19d790ae7e1779d7b3c80dbd3c60caf680dcee0830cc2baabc69eb83222f45e",
    "bracket_low": 220,
    "bracket_high": 239
  },
  {
    "timestamp": 1772561301,
    "market_slug": "elon-musk-of-tweets-february-24-march-3-200-219",
    "event_slug": "elon-musk-of-tweets-february-24-march-3",
    "token_id": "47475983187855837427008711362911805686361376336041756680242784312679781202795",
    "outcome": "Yes",
    "side": "SELL",
    "price": 0.999,
    "size": 168.09,
    "transaction_hash": "0xab727b37aa5b0b98f69b10191976ad49edadb0daa9696340fbcbac77bf45f51f",
    "condition_id": "0xbc0c2be2a0b23f24cb2a9ad3e19d1d35297ec1455c03e88844b3e39a0a3b7acc",
    "bracket_low": 200,
    "bracket_high": 219
  },
  {
    "timestamp": 1772561287,
    "market_slug": "elon-musk-of-tweets-february-24-march-3-240-259",
    "event_slug": "elon-musk-of-tweets-february-24-march-3",
    "token_id": "110303752995239052066022525574945776061856613733023005334281779466996360317567",
    "outcome": "No",
    "side": "SELL",
    "price": 0.999,
    "size": 726.99,
    "transaction_hash": "0xa2139015d271500c5b3cc143ed056735b1234f6446d1e78c3bcbc7458762b902",
    "condition_id": "0x26fa23187c3d1666d6d63e28f4f405ccfaa57c2edd6cdb8354c91dfe770134cc",
    "bracket_low": 240,
    "bracket_high": 259
  },
  {
    "timestamp": 1772561277,
    "market_slug": "elon-musk-of-tweets-february-24-march-3-240-259",
    "event_slug": "elon-musk-of-tweets-february-24-march-3",
    "token_id": "110303752995239052066022525574945776061856613733023005334281779466996360317567",
    "outcome": "No",
    "side": "SELL",
    "price": 0.999,
    "size": 50,
    "transaction_hash": "0xc1292218f24e511cbd2e8a065c0b019e2deb217e4f8d856126e55aff311a5c3e",
    "condition_id": "0x26fa23187c3d1666d6d63e28f4f405ccfaa57c2edd6cdb8354c91dfe770134cc",
    "bracket_low": 240,
    "bracket_high": 259
  },
  {
    "timestamp": 1772561261,
    "market_slug": "elon-musk-of-tweets-february-24-march-3-220-239",
    "event_slug": "elon-musk-of-tweets-february-24-march-3",
    "token_id": "100929787658235120197027333414507985209436499488843882154710181817108949635715",
    "outcome": "No",
    "side": "SELL",
    "price": 0.999,
    "size": 50,
    "transaction_hash": "0x29b8b9e629ae58ad6bf705fde7177701c4f93ec7d853983910641e7acbf3f940",
    "condition_id": "0xd19d790ae7e1779d7b3c80dbd3c60caf680dcee0830cc2baabc69eb83222f45e",
    "bracket_low": 220,
    "bracket_high": 239
  },
  {
    "timestamp": 1772561249,
    "market_slug": "elon-musk-of-tweets-february-24-march-3-200-219",
    "event_slug": "elon-musk-of-tweets-february-24-march-3",
    "token_id": "47475983187855837427008711362911805686361376336041756680242784312679781202795",
    "outcome": "Yes",
    "side": "SELL",
    "price": 0.999,
    "size": 100,
    "transaction_hash": "0x38f1a724ae926a59c039608a9d3942bd39027adf9462e9977072aff71588d948",
    "condition_id": "0xbc0c2be2a0b23f24cb2a9ad3e19d1d35297ec1455c03e88844b3e39a0a3b7acc",
    "bracket_low": 200,
    "bracket_high": 219
  },
  {
    "timestamp": 1772561169,
    "market_slug": "elon-musk-of-tweets-february-24-march-3-220-239",
    "event_slug": "elon-musk-of-tweets-february-24-march-3",
    "token_id": "100929787658235120197027333414507985209436499488843882154710181817108949635715",
    "outcome": "No",
    "side": "SELL",
    "price": 0.999,
    "size": 116.18,
    "transaction_hash": "0x969f9bf40f5b30fff427e1ee2566d549f90e3af5a6b440379bf1ad21f84628dc",
    "condition_id": "0xd19d790ae7e1779d7b3c80dbd3c60caf680dcee0830cc2baabc69eb83222f45e",
    "bracket_low": 220,
    "bracket_high": 239
  },
  {
    "timestamp": 1772561169,
    "market_slug": "elon-musk-of-tweets-february-24-march-3-200-219",
    "event_slug": "elon-musk-of-tweets-february-24-march-3",
    "token_id": "47475983187855837427008711362911805686361376336041756680242784312679781202795",
    "outcome": "Yes",
    "side": "SELL",
    "price": 0.999,
    "size": 34.89,
    "transaction_hash": "0xeab4ef253d5709048655c6fa90666b70a055abc99d80151db4c90fbb418db00d",
    "condition_id": "0xbc0c2be2a0b23f24cb2a9ad3e19d1d35297ec1455c03e88844b3e39a0a3b7acc",
    "bracket_low": 200,
    "bracket_high": 219
  },
  {
    "timestamp": 1772561077,
    "market_slug": "elon-musk-of-tweets-february-24-march-3-200-219",
    "event_slug": "elon-musk-of-tweets-february-24-march-3",
    "token_id": "47475983187855837427008711362911805686361376336041756680242784312679781202795",
    "outcome": "Yes",
    "side": "SELL",
    "price": 0.999,
    "size": 36.29,
    "transaction_hash": "0xa3a43b4ab8ffdfcd970fb7ee38b3412d4503719adfa97e3cc6c014d2a642f45f",
    "condition_id": "0xbc0c2be2a0b23f24cb2a9ad3e19d1d35297ec1455c03e88844b3e39a0a3b7acc",
    "bracket_low": 200,
    "bracket_high": 219
  },
  {
    "timestamp": 1772560999,
    "market_slug": "elon-musk-of-tweets-february-24-march-3-200-219",
    "event_slug": "elon-musk-of-tweets-february-24-march-3",
    "token_id": "47475983187855837427008711362911805686361376336041756680242784312679781202795",
    "outcome": "Yes",
    "side": "SELL",
    "price": 0.999,
    "size": 1.28,
    "transaction_hash": "0x43629db746a9b513d0f99aeb29ae9ce1728180587f76a0d63d2942aed0d962d2",
    "condition_id": "0xbc0c2be2a0b23f24cb2a9ad3e19d1d35297ec1455c03e88844b3e39a0a3b7acc",
    "bracket_low": 200,
    "bracket_high": 219
  },
  {
    "timestamp": 1772560853,
    "market_slug": "elon-musk-of-tweets-february-24-march-3-200-219",
    "event_slug": "elon-musk-of-tweets-february-24-march-3",
    "token_id": "47475983187855837427008711362911805686361376336041756680242784312679781202795",
    "outcome": "Yes",
    "side": "SELL",
    "price": 0.999,
    "size": 363.46,
    "transaction_hash": "0xbef75401646dbf2b15705aa916105fcb72a0883aba0ece1e363190f70b1b17b3",
    "condition_id": "0xbc0c2be2a0b23f24cb2a9ad3e19d1d35297ec1455c03e88844b3e39a0a3b7acc",
    "bracket_low": 200,
    "bracket_high": 219
  },
  {
    "timestamp": 1772560827,
    "market_slug": "elon-musk-of-tweets-february-24-march-3-200-219",
    "event_slug": "elon-musk-of-tweets-february-24-march-3",
    "token_id": "47475983187855837427008711362911805686361376336041756680242784312679781202795",
    "outcome": "Yes",
    "side": "SELL",
    "price": 0.999,
    "size": 2.23,
    "transaction_hash": "0xb3a654029cf25e6cc94759eb757a30470e94173d063bbd5d5d9363b9bb7de142",
    "condition_id": "0xbc0c2be2a0b23f24cb2a9ad3e19d1d35297ec1455c03e88844b3e39a0a3b7acc",
    "bracket_low": 200,
    "bracket_high": 219
  },
  {
    "timestamp": 1772560819,
    "market_slug": "elon-musk-of-tweets-february-24-march-3-200-219",
    "event_slug": "elon-musk-of-tweets-february-24-march-3",
    "token_id": "45538676935395162552950320068766786433697642857287788805967627613077422730769",
    "outcome": "No",
    "side": "BUY",
    "price": 0.001,
    "size": 1000,
    "transaction_hash": "0xa9a0ca0997514e0209f3e22b35dc0aa45d53a1f42ee3d88540322d38acae7979",
    "condition_id": "0xbc0c2be2a0b23f24cb2a9ad3e19d1d35297ec1455c03e88844b3e39a0a3b7acc",
    "bracket_low": 200,
    "bracket_high": 219
  },
  {
    "timestamp": 1772560785,
    "market_slug": "elon-musk-of-tweets-february-24-march-3-200-219",
    "event_slug": "elon-musk-of-tweets-february-24-march-3",
    "token_id": "47475983187855837427008711362911805686361376336041756680242784312679781202795",
    "outcome": "Yes",
    "side": "SELL",
    "price": 0.999,
    "size": 112.8,
    "transaction_hash": "0x4e24e3d979edb60ef1f42b6ecd38feef5fa16116790e19cdf9d2ad9feb305a32",
    "condition_id": "0xbc0c2be2a0b23f24cb2a9ad3e19d1d35297ec1455c03e88844b3e39a0a3b7acc",
    "bracket_low": 200,
    "bracket_high": 219
  },
  {
    "timestamp": 1772560763,
    "market_slug": "elon-musk-of-tweets-february-24-march-3-200-219",
    "event_slug": "elon-musk-of-tweets-february-24-march-3",
    "token_id": "47475983187855837427008711362911805686361376336041756680242784312679781202795",
    "outcome": "Yes",
    "side": "SELL",
    "price": 0.999,
    "size": 30,
    "transaction_hash": "0xa17775452c626806304f9223afbcaf55b3ec9d11b8dc272c083a4037ae21a571",
    "condition_id": "0xbc0c2be2a0b23f24cb2a9ad3e19d1d35297ec1455c03e88844b3e39a0a3b7acc",
    "bracket_low": 200,
    "bracket_high": 219
  },
  {
    "timestamp": 1772560671,
    "market_slug": "elon-musk-of-tweets-february-24-march-3-200-219",
    "event_slug": "elon-musk-of-tweets-february-24-march-3",
    "token_id": "47475983187855837427008711362911805686361376336041756680242784312679781202795",
    "outcome": "Yes",
    "side": "SELL",
    "price": 0.999,
    "size": 59.28,
    "transaction_hash": "0x54714095e8a5ded391f1e11dc777e9051e544298c51561feb1a32e03615cab0e",
    "condition_id": "0xbc0c2be2a0b23f24cb2a9ad3e19d1d35297ec1455c03e88844b3e39a0a3b7acc",
    "bracket_low": 200,
    "bracket_high": 219
  },
  {
    "timestamp": 1772560645,
    "market_slug": "elon-musk-of-tweets-february-24-march-3-200-219",
    "event_slug": "elon-musk-of-tweets-february-24-march-3",
    "token_id": "47475983187855837427008711362911805686361376336041756680242784312679781202795",
    "outcome": "Yes",
    "side": "SELL",
    "price": 0.999,
    "size": 154.55,
    "transaction_hash": "0x4f9468d8f54994043616a18ed84e5b3e99530c9a6175f59eda727a1c7c194004",
    "condition_id": "0xbc0c2be2a0b23f24cb2a9ad3e19d1d35297ec1455c03e88844b3e39a0a3b7acc",
    "bracket_low": 200,
    "bracket_high": 219
  },
  {
    "timestamp": 1772560435,
    "market_slug": "elon-musk-of-tweets-february-24-march-3-200-219",
    "event_slug": "elon-musk-of-tweets-february-24-march-3",
    "token_id": "47475983187855837427008711362911805686361376336041756680242784312679781202795",
    "outcome": "Yes",
    "side": "SELL",
    "price": 0.999,
    "size": 849.99,
    "transaction_hash": "0x85d82b3328f84e72e5bd95e2d1d8564c1c23a19085191cb790ec8ce67d2f042a",
    "condition_id": "0xbc0c2be2a0b23f24cb2a9ad3e19d1d35297ec1455c03e88844b3e39a0a3b7acc",
    "bracket_low": 200,
    "bracket_high": 219
  },
  {
    "timestamp": 1772560375,
    "market_slug": "elon-musk-of-tweets-february-24-march-3-200-219",
    "event_slug": "elon-musk-of-tweets-february-24-march-3",
    "token_id": "47475983187855837427008711362911805686361376336041756680242784312679781202795",
    "outcome": "Yes",
    "side": "SELL",
    "price": 0.999,
    "size": 15.99,
    "transaction_hash": "0x1f7b66b1f5e11da1f9fb17ab800f66d9d85beddcdccfc530c884db53ffeffe72",
    "condition_id": "0xbc0c2be2a0b23f24cb2a9ad3e19d1d35297ec1455c03e88844b3e39a0a3b7acc",
    "bracket_low": 200,
    "bracket_high": 219
  },
  {
    "timestamp": 1772560369,
    "market_slug": "elon-musk-of-tweets-february-24-march-3-200-219",
    "event_slug": "elon-musk-of-tweets-february-24-march-3",
    "token_id": "47475983187855837427008711362911805686361376336041756680242784312679781202795",
    "outcome": "Yes",
    "side": "SELL",
    "price": 0.999,
    "size": 5,
    "transaction_hash": "0x6b722eca533a760f6fcd0cc0490fa0768409999b5ba20ba286743bfa36369cbf",
    "condition_id": "0xbc0c2be2a0b23f24cb2a9ad3e19d1d35297ec1455c03e88844b3e39a0a3b7acc",
    "bracket_low": 200,
    "bracket_high": 219
  },
  {
    "timestamp": 1772560367,
    "market_slug": "elon-musk-of-tweets-february-24-march-3-200-219",
    "event_slug": "elon-musk-of-tweets-february-24-march-3",
    "token_id": "47475983187855837427008711362911805686361376336041756680242784312679781202795",
    "outcome": "Yes",
    "side": "SELL",
    "price": 0.999,
    "size": 14.8,
    "transaction_hash": "0xd4db7be0cff5cfa5e1103123f032d48789b733ec06e12af69e5833ecd32eae4b",
    "condition_id": "0xbc0c2be2a0b23f24cb2a9ad3e19d1d35297ec1455c03e88844b3e39a0a3b7acc",
    "bracket_low": 200,
    "bracket_high": 219
  },
  {
    "timestamp": 1772560335,
    "market_slug": "elon-musk-of-tweets-february-24-march-3-200-219",
    "event_slug": "elon-musk-of-tweets-february-24-march-3",
    "token_id": "47475983187855837427008711362911805686361376336041756680242784312679781202795",
    "outcome": "Yes",
    "side": "SELL",
    "price": 0.999,
    "size": 15.55,
    "transaction_hash": "0x813b8613016cd46236e8b501388d59f1e3166b75a933fe02340fce50b3bb2ce4",
    "condition_id": "0xbc0c2be2a0b23f24cb2a9ad3e19d1d35297ec1455c03e88844b3e39a0a3b7acc",
    "bracket_low": 200,
    "bracket_high": 219
  },
  {
    "timestamp": 1772560269,
    "market_slug": "elon-musk-of-tweets-february-24-march-3-220-239",
    "event_slug": "elon-musk-of-tweets-february-24-march-3",
    "token_id": "90904633589107806788487313426170733956676682571524020130288580992623450966906",
    "outcome": "Yes",
    "side": "BUY",
    "price": 0.001,
    "size": 1000,
    "transaction_hash": "0xe3e09d58d611a35a460d4969b2f3a05ef7a61bff417329e249877d803b9ee078",
    "condition_id": "0xd19d790ae7e1779d7b3c80dbd3c60caf680dcee0830cc2baabc69eb83222f45e",
    "bracket_low": 220,
    "bracket_high": 239
  },
  {
    "timestamp": 1772560227,
    "market_slug": "elon-musk-of-tweets-february-24-march-3-200-219",
    "event_slug": "elon-musk-of-tweets-february-24-march-3",
    "token_id": "47475983187855837427008711362911805686361376336041756680242784312679781202795",
    "outcome": "Yes",
    "side": "SELL",
    "price": 0.999,
    "size": 70,
    "transaction_hash": "0x3b10d6b6031a45a40993cc02be5e73aa77b1503c7f64567697b02c437252b3db",
    "condition_id": "0xbc0c2be2a0b23f24cb2a9ad3e19d1d35297ec1455c03e88844b3e39a0a3b7acc",
    "bracket_low": 200,
    "bracket_high": 219
  },
  {
    "timestamp": 1772560221,
    "market_slug": "elon-musk-of-tweets-february-24-march-3-200-219",
    "event_slug": "elon-musk-of-tweets-february-24-march-3",
    "token_id": "47475983187855837427008711362911805686361376336041756680242784312679781202795",
    "outcome": "Yes",
    "side": "SELL",
    "price": 0.999,
    "size": 1.37,
    "transaction_hash": "0x78c0590508bebbda1667de4618c8154edde69f0ca23b79379a5df21f1e6eec50",
    "condition_id": "0xbc0c2be2a0b23f24cb2a9ad3e19d1d35297ec1455c03e88844b3e39a0a3b7acc",
    "bracket_low": 200,
    "bracket_high": 219
  },
  {
    "timestamp": 1772560213,
    "market_slug": "elon-musk-of-tweets-february-24-march-3-220-239",
    "event_slug": "elon-musk-of-tweets-february-24-march-3",
    "token_id": "100929787658235120197027333414507985209436499488843882154710181817108949635715",
    "outcome": "No",
    "side": "SELL",
    "price": 0.999,
    "size": 1431.55,
    "transaction_hash": "0x32052383812bb0b7019ac3f057da859d7a2abbb85a71f47d15cc67eb26f0aab9",
    "condition_id": "0xd19d790ae7e1779d7b3c80dbd3c60caf680dcee0830cc2baabc69eb83222f45e",
    "bracket_low": 220,
    "bracket_high": 239
  },
  {
    "timestamp": 1772560143,
    "market_slug": "elon-musk-of-tweets-february-24-march-3-200-219",
    "event_slug": "elon-musk-of-tweets-february-24-march-3",
    "token_id": "47475983187855837427008711362911805686361376336041756680242784312679781202795",
    "outcome": "Yes",
    "side": "SELL",
    "price": 0.999,
    "size": 100.08,
    "transaction_hash": "0xe8a930fbab0545ead43cc99c9f1083dce7b28bcf9a7351e440364ccd2cb267da",
    "condition_id": "0xbc0c2be2a0b23f24cb2a9ad3e19d1d35297ec1455c03e88844b3e39a0a3b7acc",
    "bracket_low": 200,
    "bracket_high": 219
  },
  {
    "timestamp": 1772559993,
    "market_slug": "elon-musk-of-tweets-february-24-march-3-200-219",
    "event_slug": "elon-musk-of-tweets-february-24-march-3",
    "token_id": "47475983187855837427008711362911805686361376336041756680242784312679781202795",
    "outcome": "Yes",
    "side": "SELL",
    "price": 0.999,
    "size": 512.07,
    "transaction_hash": "0x3bc6822b535399cab0609cb9e7920a59b43a08d12dbb7d1f48311ffb1b01d476",
    "condition_id": "0xbc0c2be2a0b23f24cb2a9ad3e19d1d35297ec1455c03e88844b3e39a0a3b7acc",
    "bracket_low": 200,
    "bracket_high": 219
  },
  {
    "timestamp": 1772559991,
    "market_slug": "elon-musk-of-tweets-february-24-march-3-200-219",
    "event_slug": "elon-musk-of-tweets-february-24-march-3",
    "token_id": "45538676935395162552950320068766786433697642857287788805967627613077422730769",
    "outcome": "No",
    "side": "BUY",
    "price": 0.001,
    "size": 11000,
    "transaction_hash": "0x11b8e482b2b0eb46b0a8e23e2e497d0fc09f7d3bdfc3cb18eb68d473632b5efd",
    "condition_id": "0xbc0c2be2a0b23f24cb2a9ad3e19d1d35297ec1455c03e88844b3e39a0a3b7acc",
    "bracket_low": 200,
    "bracket_high": 219
  },
  {
    "timestamp": 1772559957,
    "market_slug": "elon-musk-of-tweets-february-24-march-3-320-339",
    "event_slug": "elon-musk-of-tweets-february-24-march-3",
    "token_id": "81490009484066660922082375698601204444750262201933379942118128164256992881181",
    "outcome": "Yes",
    "side": "BUY",
    "price": 0.001,
    "size": 99227.44,
    "transaction_hash": "0x9a7fd5de8f57067721112b28cb053e6b3275953ae0de1a3b9980146022ff027b",
    "condition_id": "0xe8a8d7226db3d7f8d6a781a5c84f94963e0c51bc5eabf10ee9b84297c8db866e",
    "bracket_low": 320,
    "bracket_high": 339
  },
  {
    "timestamp": 1772559957,
    "market_slug": "elon-musk-of-tweets-february-24-march-3-320-339",
    "event_slug": "elon-musk-of-tweets-february-24-march-3",
    "token_id": "81490009484066660922082375698601204444750262201933379942118128164256992881181",
    "outcome": "Yes",
    "side": "BUY",
    "price": 0.001,
    "size": 155282.2,
    "transaction_hash": "0x066ad48615a1949f02d7cc65f550e300351e08a0d84faaa62748c62d858e0404",
    "condition_id": "0xe8a8d7226db3d7f8d6a781a5c84f94963e0c51bc5eabf10ee9b84297c8db866e",
    "bracket_low": 320,
    "bracket_high": 339
  },
  {
    "timestamp": 1772559925,
    "market_slug": "elon-musk-of-tweets-february-24-march-3-200-219",
    "event_slug": "elon-musk-of-tweets-february-24-march-3",
    "token_id": "47475983187855837427008711362911805686361376336041756680242784312679781202795",
    "outcome": "Yes",
    "side": "SELL",
    "price": 0.999,
    "size": 25.09,
    "transaction_hash": "0x363f037644a3b92f1505e25d5da61e575f60eca328358954738d1fdb3cbd08ba",
    "condition_id": "0xbc0c2be2a0b23f24cb2a9ad3e19d1d35297ec1455c03e88844b3e39a0a3b7acc",
    "bracket_low": 200,
    "bracket_high": 219
  },
  {
    "timestamp": 1772559873,
    "market_slug": "elon-musk-of-tweets-february-24-march-3-240-259",
    "event_slug": "elon-musk-of-tweets-february-24-march-3",
    "token_id": "110303752995239052066022525574945776061856613733023005334281779466996360317567",
    "outcome": "No",
    "side": "SELL",
    "price": 0.999,
    "size": 241.07,
    "transaction_hash": "0xa4efcf677bdda441cef75d3dd911def6125b0435421b2dce0a0a4443836e1c49",
    "condition_id": "0x26fa23187c3d1666d6d63e28f4f405ccfaa57c2edd6cdb8354c91dfe770134cc",
    "bracket_low": 240,
    "bracket_high": 259
  },
  {
    "timestamp": 1772559865,
    "market_slug": "elon-musk-of-tweets-february-24-march-3-200-219",
    "event_slug": "elon-musk-of-tweets-february-24-march-3",
    "token_id": "47475983187855837427008711362911805686361376336041756680242784312679781202795",
    "outcome": "Yes",
    "side": "SELL",
    "price": 0.999,
    "size": 25,
    "transaction_hash": "0x32c32e73ece8eaab3e41d91f068da81179383e18186d95bb4c6d20cf5aa40434",
    "condition_id": "0xbc0c2be2a0b23f24cb2a9ad3e19d1d35297ec1455c03e88844b3e39a0a3b7acc",
    "bracket_low": 200,
    "bracket_high": 219
  },
  {
    "timestamp": 1772559797,
    "market_slug": "elon-musk-of-tweets-february-24-march-3-200-219",
    "event_slug": "elon-musk-of-tweets-february-24-march-3",
    "token_id": "47475983187855837427008711362911805686361376336041756680242784312679781202795",
    "outcome": "Yes",
    "side": "SELL",
    "price": 0.999,
    "size": 131.8,
    "transaction_hash": "0x05bca373c9f8a422c57a80338808b3360c1582bdb659c64325e24842d22be352",
    "condition_id": "0xbc0c2be2a0b23f24cb2a9ad3e19d1d35297ec1455c03e88844b3e39a0a3b7acc",
    "bracket_low": 200,
    "bracket_high": 219
  },
  {
    "timestamp": 1772559791,
    "market_slug": "elon-musk-of-tweets-february-24-march-3-220-239",
    "event_slug": "elon-musk-of-tweets-february-24-march-3",
    "token_id": "100929787658235120197027333414507985209436499488843882154710181817108949635715",
    "outcome": "No",
    "side": "SELL",
    "price": 0.999,
    "size": 40.93,
    "transaction_hash": "0x03a89af5ec71dec8afee2beae1f7bdada601f48d67f69b36380c0258f6fe3729",
    "condition_id": "0xd19d790ae7e1779d7b3c80dbd3c60caf680dcee0830cc2baabc69eb83222f45e",
    "bracket_low": 220,
    "bracket_high": 239
  },
  {
    "timestamp": 1772559747,
    "market_slug": "elon-musk-of-tweets-february-24-march-3-200-219",
    "event_slug": "elon-musk-of-tweets-february-24-march-3",
    "token_id": "47475983187855837427008711362911805686361376336041756680242784312679781202795",
    "outcome": "Yes",
    "side": "SELL",
    "price": 0.999,
    "size": 7.75,
    "transaction_hash": "0xc9da744bdb60eb2aadee0bb25346c867dbbbda733dc1fffdf8d82a789c0dfb13",
    "condition_id": "0xbc0c2be2a0b23f24cb2a9ad3e19d1d35297ec1455c03e88844b3e39a0a3b7acc",
    "bracket_low": 200,
    "bracket_high": 219
  },
  {
    "timestamp": 1772559653,
    "market_slug": "elon-musk-of-tweets-february-24-march-3-200-219",
    "event_slug": "elon-musk-of-tweets-february-24-march-3",
    "token_id": "47475983187855837427008711362911805686361376336041756680242784312679781202795",
    "outcome": "Yes",
    "side": "SELL",
    "price": 0.999,
    "size": 3313.19,
    "transaction_hash": "0x1c1a76de4d18ed718e81bc4cc275a95172dfa30e17dae94ef1a044e1409c4ca6",
    "condition_id": "0xbc0c2be2a0b23f24cb2a9ad3e19d1d35297ec1455c03e88844b3e39a0a3b7acc",
    "bracket_low": 200,
    "bracket_high": 219
  },
  {
    "timestamp": 1772559585,
    "market_slug": "elon-musk-of-tweets-february-24-march-3-220-239",
    "event_slug": "elon-musk-of-tweets-february-24-march-3",
    "token_id": "100929787658235120197027333414507985209436499488843882154710181817108949635715",
    "outcome": "No",
    "side": "SELL",
    "price": 0.999,
    "size": 3296.06,
    "transaction_hash": "0xf3185b6906f3801226f92d88f1caf115db9e4dd8e18ec9faf9e3fc4bf61d5cb8",
    "condition_id": "0xd19d790ae7e1779d7b3c80dbd3c60caf680dcee0830cc2baabc69eb83222f45e",
    "bracket_low": 220,
    "bracket_high": 239
  },
  {
    "timestamp": 1772559545,
    "market_slug": "elon-musk-of-tweets-february-24-march-3-200-219",
    "event_slug": "elon-musk-of-tweets-february-24-march-3",
    "token_id": "47475983187855837427008711362911805686361376336041756680242784312679781202795",
    "outcome": "Yes",
    "side": "SELL",
    "price": 0.999,
    "size": 395.73,
    "transaction_hash": "0xe26bb97ba6cfc18326e75297b4913422c185b139b271efbb64865984a21b7665",
    "condition_id": "0xbc0c2be2a0b23f24cb2a9ad3e19d1d35297ec1455c03e88844b3e39a0a3b7acc",
    "bracket_low": 200,
    "bracket_high": 219
  },
  {
    "timestamp": 1772559533,
    "market_slug": "elon-musk-of-tweets-february-24-march-3-200-219",
    "event_slug": "elon-musk-of-tweets-february-24-march-3",
    "token_id": "47475983187855837427008711362911805686361376336041756680242784312679781202795",
    "outcome": "Yes",
    "side": "SELL",
    "price": 0.999,
    "size": 1.25,
    "transaction_hash": "0x7b150b465bf0a51b982902748db83a80ba635d0bf043dee7ec4111e32f5dfd14",
    "condition_id": "0xbc0c2be2a0b23f24cb2a9ad3e19d1d35297ec1455c03e88844b3e39a0a3b7acc",
    "bracket_low": 200,
    "bracket_high": 219
  },
  {
    "timestamp": 1772559529,
    "market_slug": "elon-musk-of-tweets-february-24-march-3-200-219",
    "event_slug": "elon-musk-of-tweets-february-24-march-3",
    "token_id": "45538676935395162552950320068766786433697642857287788805967627613077422730769",
    "outcome": "No",
    "side": "BUY",
    "price": 0.001,
    "size": 1000,
    "transaction_hash": "0xe097039d1c1677b4234f5488253a4f4658b597b562492adc495e4067fa7f6b3f",
    "condition_id": "0xbc0c2be2a0b23f24cb2a9ad3e19d1d35297ec1455c03e88844b3e39a0a3b7acc",
    "bracket_low": 200,
    "bracket_high": 219
  },
  {
    "timestamp": 1772559477,
    "market_slug": "elon-musk-of-tweets-february-24-march-3-240-259",
    "event_slug": "elon-musk-of-tweets-february-24-march-3",
    "token_id": "110303752995239052066022525574945776061856613733023005334281779466996360317567",
    "outcome": "No",
    "side": "SELL",
    "price": 0.999,
    "size": 1.01,
    "transaction_hash": "0xa85e9092520c9e6e8c164ed52fe27dba3ebe906f920aa66287324669b3fdb4fa",
    "condition_id": "0x26fa23187c3d1666d6d63e28f4f405ccfaa57c2edd6cdb8354c91dfe770134cc",
    "bracket_low": 240,
    "bracket_high": 259
  },
  {
    "timestamp": 1772559467,
    "market_slug": "elon-musk-of-tweets-february-24-march-3-200-219",
    "event_slug": "elon-musk-of-tweets-february-24-march-3",
    "token_id": "47475983187855837427008711362911805686361376336041756680242784312679781202795",
    "outcome": "Yes",
    "side": "SELL",
    "price": 0.999,
    "size": 264.29,
    "transaction_hash": "0xb4c7d2e1502702bbb600fa2b9d201af89bf481e325e5bdb7417a0349438ea8a1",
    "condition_id": "0xbc0c2be2a0b23f24cb2a9ad3e19d1d35297ec1455c03e88844b3e39a0a3b7acc",
    "bracket_low": 200,
    "bracket_high": 219
  },
  {
    "timestamp": 1772559467,
    "market_slug": "elon-musk-of-tweets-february-24-march-3-280-299",
    "event_slug": "elon-musk-of-tweets-february-24-march-3",
    "token_id": "6646822311226621892302663427672636842263421166589092776656278162615636450982",
    "outcome": "No",
    "side": "SELL",
    "price": 0.999,
    "size": 3.02,
    "transaction_hash": "0x0cc348fd7a16211606904e735c0750063e22306518a33245888e3fea6a19ee12",
    "condition_id": "0xe764eb501f5e8464df0faee2e33684431ee0e84691d511e4457250a3d28ee935",
    "bracket_low": 280,
    "bracket_high": 299
  },
  {
    "timestamp": 1772559455,
    "market_slug": "elon-musk-of-tweets-february-24-march-3-200-219",
    "event_slug": "elon-musk-of-tweets-february-24-march-3",
    "token_id": "47475983187855837427008711362911805686361376336041756680242784312679781202795",
    "outcome": "Yes",
    "side": "SELL",
    "price": 0.999,
    "size": 186.96,
    "transaction_hash": "0xb4e7d58017277e76e8e2e875fc698f1cf6bd8d58123e905605a80158b70c7cdb",
    "condition_id": "0xbc0c2be2a0b23f24cb2a9ad3e19d1d35297ec1455c03e88844b3e39a0a3b7acc",
    "bracket_low": 200,
    "bracket_high": 219
  },
  {
    "timestamp": 1772559427,
    "market_slug": "elon-musk-of-tweets-february-24-march-3-200-219",
    "event_slug": "elon-musk-of-tweets-february-24-march-3",
    "token_id": "45538676935395162552950320068766786433697642857287788805967627613077422730769",
    "outcome": "No",
    "side": "BUY",
    "price": 0.001,
    "size": 1000,
    "transaction_hash": "0xe802f96fcc599274128b8be5796ae48d991378f54a73846269d112c02add962e",
    "condition_id": "0xbc0c2be2a0b23f24cb2a9ad3e19d1d35297ec1455c03e88844b3e39a0a3b7acc",
    "bracket_low": 200,
    "bracket_high": 219
  },
  {
    "timestamp": 1772559373,
    "market_slug": "elon-musk-of-tweets-february-24-march-3-240-259",
    "event_slug": "elon-musk-of-tweets-february-24-march-3",
    "token_id": "110303752995239052066022525574945776061856613733023005334281779466996360317567",
    "outcome": "No",
    "side": "SELL",
    "price": 0.999,
    "size": 2.36,
    "transaction_hash": "0x05a1bf5bad74652c622de6b2c24b0c89b974fc084c28b37d2db6d84cf4dd3f77",
    "condition_id": "0x26fa23187c3d1666d6d63e28f4f405ccfaa57c2edd6cdb8354c91dfe770134cc",
    "bracket_low": 240,
    "bracket_high": 259
  },
  {
    "timestamp": 1772559339,
    "market_slug": "elon-musk-of-tweets-february-24-march-3-200-219",
    "event_slug": "elon-musk-of-tweets-february-24-march-3",
    "token_id": "47475983187855837427008711362911805686361376336041756680242784312679781202795",
    "outcome": "Yes",
    "side": "SELL",
    "price": 0.999,
    "size": 47.86,
    "transaction_hash": "0x27a5ac377d0a33d0e6b70f877e41f3dbf590b8ebc4883d0bf9b6cb9dd6b20e61",
    "condition_id": "0xbc0c2be2a0b23f24cb2a9ad3e19d1d35297ec1455c03e88844b3e39a0a3b7acc",
    "bracket_low": 200,
    "bracket_high": 219
  },
  {
    "timestamp": 1772559251,
    "market_slug": "elon-musk-of-tweets-february-24-march-3-200-219",
    "event_slug": "elon-musk-of-tweets-february-24-march-3",
    "token_id": "47475983187855837427008711362911805686361376336041756680242784312679781202795",
    "outcome": "Yes",
    "side": "SELL",
    "price": 0.999,
    "size": 40.16,
    "transaction_hash": "0xb8605bbe1782fac5a6c5243cd86c788d7ec56e97c80e84e35de935f88516dc5d",
    "condition_id": "0xbc0c2be2a0b23f24cb2a9ad3e19d1d35297ec1455c03e88844b3e39a0a3b7acc",
    "bracket_low": 200,
    "bracket_high": 219
  },
  {
    "timestamp": 1772559167,
    "market_slug": "elon-musk-of-tweets-february-24-march-3-200-219",
    "event_slug": "elon-musk-of-tweets-february-24-march-3",
    "token_id": "47475983187855837427008711362911805686361376336041756680242784312679781202795",
    "outcome": "Yes",
    "side": "SELL",
    "price": 0.999,
    "size": 1.62,
    "transaction_hash": "0xff5977873df644be98989676484d14f5233e27686b2649c457058f1b273829de",
    "condition_id": "0xbc0c2be2a0b23f24cb2a9ad3e19d1d35297ec1455c03e88844b3e39a0a3b7acc",
    "bracket_low": 200,
    "bracket_high": 219
  },
  {
    "timestamp": 1772559033,
    "market_slug": "elon-musk-of-tweets-february-24-march-3-200-219",
    "event_slug": "elon-musk-of-tweets-february-24-march-3",
    "token_id": "47475983187855837427008711362911805686361376336041756680242784312679781202795",
    "outcome": "Yes",
    "side": "SELL",
    "price": 0.999,
    "size": 20.92,
    "transaction_hash": "0x51ca4a63dc7e02f6b3c55e5757662c7936c101a421d03b01bdbdb7ed2e75e584",
    "condition_id": "0xbc0c2be2a0b23f24cb2a9ad3e19d1d35297ec1455c03e88844b3e39a0a3b7acc",
    "bracket_low": 200,
    "bracket_high": 219
  },
  {
    "timestamp": 1772559013,
    "market_slug": "elon-musk-of-tweets-february-24-march-3-200-219",
    "event_slug": "elon-musk-of-tweets-february-24-march-3",
    "token_id": "47475983187855837427008711362911805686361376336041756680242784312679781202795",
    "outcome": "Yes",
    "side": "SELL",
    "price": 0.999,
    "size": 12.82,
    "transaction_hash": "0x09be080ef029dd5f0fbcf283bd799231349e9e0dc519f58cc4d4a3976968e688",
    "condition_id": "0xbc0c2be2a0b23f24cb2a9ad3e19d1d35297ec1455c03e88844b3e39a0a3b7acc",
    "bracket_low": 200,
    "bracket_high": 219
  },
  {
    "timestamp": 1772558997,
    "market_slug": "elon-musk-of-tweets-february-24-march-3-200-219",
    "event_slug": "elon-musk-of-tweets-february-24-march-3",
    "token_id": "47475983187855837427008711362911805686361376336041756680242784312679781202795",
    "outcome": "Yes",
    "side": "SELL",
    "price": 0.999,
    "size": 22.98,
    "transaction_hash": "0x958b4b9c1c09441db2abb183b8c910066102abc427567944eeeefa58e1a6e122",
    "condition_id": "0xbc0c2be2a0b23f24cb2a9ad3e19d1d35297ec1455c03e88844b3e39a0a3b7acc",
    "bracket_low": 200,
    "bracket_high": 219
  },
  {
    "timestamp": 1772558951,
    "market_slug": "elon-musk-of-tweets-february-24-march-3-200-219",
    "event_slug": "elon-musk-of-tweets-february-24-march-3",
    "token_id": "47475983187855837427008711362911805686361376336041756680242784312679781202795",
    "outcome": "Yes",
    "side": "SELL",
    "price": 0.999,
    "size": 4,
    "transaction_hash": "0x877abe19197551a652a8ba1eb4be049663814212c6600f4d028124919a3879c5",
    "condition_id": "0xbc0c2be2a0b23f24cb2a9ad3e19d1d35297ec1455c03e88844b3e39a0a3b7acc",
    "bracket_low": 200,
    "bracket_high": 219
  },
  {
    "timestamp": 1772558897,
    "market_slug": "elon-musk-of-tweets-february-24-march-3-200-219",
    "event_slug": "elon-musk-of-tweets-february-24-march-3",
    "token_id": "47475983187855837427008711362911805686361376336041756680242784312679781202795",
    "outcome": "Yes",
    "side": "SELL",
    "price": 0.999,
    "size": 143.11,
    "transaction_hash": "0xfaac0a916e67704013d502a10a8e4f99b8a9c98d35003629d73398cc3e1b21f8",
    "condition_id": "0xbc0c2be2a0b23f24cb2a9ad3e19d1d35297ec1455c03e88844b3e39a0a3b7acc",
    "bracket_low": 200,
    "bracket_high": 219
  },
  {
    "timestamp": 1772558863,
    "market_slug": "elon-musk-of-tweets-february-24-march-3-200-219",
    "event_slug": "elon-musk-of-tweets-february-24-march-3",
    "token_id": "47475983187855837427008711362911805686361376336041756680242784312679781202795",
    "outcome": "Yes",
    "side": "SELL",
    "price": 0.999,
    "size": 2.56,
    "transaction_hash": "0xf188d99211ba3e2148309a47cc8fe2f8a3d90f504f3ca768b5acecdcd7cca3bc",
    "condition_id": "0xbc0c2be2a0b23f24cb2a9ad3e19d1d35297ec1455c03e88844b3e39a0a3b7acc",
    "bracket_low": 200,
    "bracket_high": 219
  },
  {
    "timestamp": 1772558793,
    "market_slug": "elon-musk-of-tweets-february-24-march-3-200-219",
    "event_slug": "elon-musk-of-tweets-february-24-march-3",
    "token_id": "47475983187855837427008711362911805686361376336041756680242784312679781202795",
    "outcome": "Yes",
    "side": "SELL",
    "price": 0.999,
    "size": 300,
    "transaction_hash": "0x45d27e832e9b3be26983532c0581accbda567dd8ae51c02ce23933040edd5b69",
    "condition_id": "0xbc0c2be2a0b23f24cb2a9ad3e19d1d35297ec1455c03e88844b3e39a0a3b7acc",
    "bracket_low": 200,
    "bracket_high": 219
  },
  {
    "timestamp": 1772558793,
    "market_slug": "elon-musk-of-tweets-february-24-march-3-200-219",
    "event_slug": "elon-musk-of-tweets-february-24-march-3",
    "token_id": "47475983187855837427008711362911805686361376336041756680242784312679781202795",
    "outcome": "Yes",
    "side": "SELL",
    "price": 0.999,
    "size": 0.16,
    "transaction_hash": "0xab4a51ba6da91cebfd6a94828cc6c961cc1986e2d6e759df4c768eff35e865fc",
    "condition_id": "0xbc0c2be2a0b23f24cb2a9ad3e19d1d35297ec1455c03e88844b3e39a0a3b7acc",
    "bracket_low": 200,
    "bracket_high": 219
  },
  {
    "timestamp": 1772558737,
    "market_slug": "elon-musk-of-tweets-february-24-march-3-240-259",
    "event_slug": "elon-musk-of-tweets-february-24-march-3",
    "token_id": "110303752995239052066022525574945776061856613733023005334281779466996360317567",
    "outcome": "No",
    "side": "SELL",
    "price": 0.999,
    "size": 100,
    "transaction_hash": "0x37392ea85710d40103123da66ba2ac3b6555575365c105d81c7a72c4f0a0a623",
    "condition_id": "0x26fa23187c3d1666d6d63e28f4f405ccfaa57c2edd6cdb8354c91dfe770134cc",
    "bracket_low": 240,
    "bracket_high": 259
  },
  {
    "timestamp": 1772558725,
    "market_slug": "elon-musk-of-tweets-february-24-march-3-260-279",
    "event_slug": "elon-musk-of-tweets-february-24-march-3",
    "token_id": "106336076049498371967487934109425761239322292253157482421890834015476383640521",
    "outcome": "No",
    "side": "SELL",
    "price": 0.999,
    "size": 199.98,
    "transaction_hash": "0x711534e49a2168a22614e7e6b41319245096e11afcc2a521dcb3cb1f9d2b77c7",
    "condition_id": "0x2993560bd6596d059fdc63d2cd454283ee6bd3556346db6c421c4ef0d953cde2",
    "bracket_low": 260,
    "bracket_high": 279
  },
  {
    "timestamp": 1772558645,
    "market_slug": "elon-musk-of-tweets-february-24-march-3-200-219",
    "event_slug": "elon-musk-of-tweets-february-24-march-3",
    "token_id": "47475983187855837427008711362911805686361376336041756680242784312679781202795",
    "outcome": "Yes",
    "side": "SELL",
    "price": 0.999,
    "size": 5.49,
    "transaction_hash": "0xf3fdbc625b7cc8cff4d8fd5fbd213ffabd67c045bb61ec144dc80dd0b7a06ca8",
    "condition_id": "0xbc0c2be2a0b23f24cb2a9ad3e19d1d35297ec1455c03e88844b3e39a0a3b7acc",
    "bracket_low": 200,
    "bracket_high": 219
  },
  {
    "timestamp": 1772558581,
    "market_slug": "elon-musk-of-tweets-february-24-march-3-200-219",
    "event_slug": "elon-musk-of-tweets-february-24-march-3",
    "token_id": "47475983187855837427008711362911805686361376336041756680242784312679781202795",
    "outcome": "Yes",
    "side": "SELL",
    "price": 0.999,
    "size": 14.8,
    "transaction_hash": "0x537526fa878fa168422b2315cf550f9c8ccc0fe74546a71390dff186010eebeb",
    "condition_id": "0xbc0c2be2a0b23f24cb2a9ad3e19d1d35297ec1455c03e88844b3e39a0a3b7acc",
    "bracket_low": 200,
    "bracket_high": 219
  },
  {
    "timestamp": 1772558539,
    "market_slug": "elon-musk-of-tweets-february-24-march-3-200-219",
    "event_slug": "elon-musk-of-tweets-february-24-march-3",
    "token_id": "47475983187855837427008711362911805686361376336041756680242784312679781202795",
    "outcome": "Yes",
    "side": "SELL",
    "price": 0.999,
    "size": 23.97,
    "transaction_hash": "0x0a38315c326aa938f080a5ae62c3a6f3df5fe674a0e312ceca2b98c19457afc1",
    "condition_id": "0xbc0c2be2a0b23f24cb2a9ad3e19d1d35297ec1455c03e88844b3e39a0a3b7acc",
    "bracket_low": 200,
    "bracket_high": 219
  },
  {
    "timestamp": 1772558529,
    "market_slug": "elon-musk-of-tweets-february-24-march-3-200-219",
    "event_slug": "elon-musk-of-tweets-february-24-march-3",
    "token_id": "47475983187855837427008711362911805686361376336041756680242784312679781202795",
    "outcome": "Yes",
    "side": "SELL",
    "price": 0.999,
    "size": 6727.92,
    "transaction_hash": "0x436e00c367189a87195139fc75428cd46d06973b0cc4eb692827e31ab1d2ea2f",
    "condition_id": "0xbc0c2be2a0b23f24cb2a9ad3e19d1d35297ec1455c03e88844b3e39a0a3b7acc",
    "bracket_low": 200,
    "bracket_high": 219
  },
  {
    "timestamp": 1772558463,
    "market_slug": "elon-musk-of-tweets-february-24-march-3-220-239",
    "event_slug": "elon-musk-of-tweets-february-24-march-3",
    "token_id": "100929787658235120197027333414507985209436499488843882154710181817108949635715",
    "outcome": "No",
    "side": "SELL",
    "price": 0.999,
    "size": 11.48,
    "transaction_hash": "0xc5d9e4fb297b489800ed13e6f0b77b37d486883625b93766f18efbe2262900d3",
    "condition_id": "0xd19d790ae7e1779d7b3c80dbd3c60caf680dcee0830cc2baabc69eb83222f45e",
    "bracket_low": 220,
    "bracket_high": 239
  },
  {
    "timestamp": 1772558455,
    "market_slug": "elon-musk-of-tweets-february-24-march-3-200-219",
    "event_slug": "elon-musk-of-tweets-february-24-march-3",
    "token_id": "47475983187855837427008711362911805686361376336041756680242784312679781202795",
    "outcome": "Yes",
    "side": "SELL",
    "price": 0.999,
    "size": 14.09,
    "transaction_hash": "0x0c692d551e1be5039493422990f5f9a1ae573717687464a9db639dc3c6273578",
    "condition_id": "0xbc0c2be2a0b23f24cb2a9ad3e19d1d35297ec1455c03e88844b3e39a0a3b7acc",
    "bracket_low": 200,
    "bracket_high": 219
  },
  {
    "timestamp": 1772558383,
    "market_slug": "elon-musk-of-tweets-february-24-march-3-200-219",
    "event_slug": "elon-musk-of-tweets-february-24-march-3",
    "token_id": "47475983187855837427008711362911805686361376336041756680242784312679781202795",
    "outcome": "Yes",
    "side": "SELL",
    "price": 0.999,
    "size": 4.34,
    "transaction_hash": "0x080427647acec1bff625b64818c34461dd9932eb605e08b172b5073d3f35edf5",
    "condition_id": "0xbc0c2be2a0b23f24cb2a9ad3e19d1d35297ec1455c03e88844b3e39a0a3b7acc",
    "bracket_low": 200,
    "bracket_high": 219
  },
  {
    "timestamp": 1772558355,
    "market_slug": "elon-musk-of-tweets-february-24-march-3-200-219",
    "event_slug": "elon-musk-of-tweets-february-24-march-3",
    "token_id": "47475983187855837427008711362911805686361376336041756680242784312679781202795",
    "outcome": "Yes",
    "side": "SELL",
    "price": 0.999,
    "size": 22.46,
    "transaction_hash": "0xaea016ba6c57c653b7450ea3a21633d88a2a47062d9512e1f0c56116c4653c52",
    "condition_id": "0xbc0c2be2a0b23f24cb2a9ad3e19d1d35297ec1455c03e88844b3e39a0a3b7acc",
    "bracket_low": 200,
    "bracket_high": 219
  },
  {
    "timestamp": 1772558339,
    "market_slug": "elon-musk-of-tweets-february-24-march-3-200-219",
    "event_slug": "elon-musk-of-tweets-february-24-march-3",
    "token_id": "47475983187855837427008711362911805686361376336041756680242784312679781202795",
    "outcome": "Yes",
    "side": "SELL",
    "price": 0.999,
    "size": 30.29,
    "transaction_hash": "0x0cb01e154f02e5cc37f6a8e0f521636fc588c8f68973bc7737998df3e91e155c",
    "condition_id": "0xbc0c2be2a0b23f24cb2a9ad3e19d1d35297ec1455c03e88844b3e39a0a3b7acc",
    "bracket_low": 200,
    "bracket_high": 219
  },
  {
    "timestamp": 1772558293,
    "market_slug": "elon-musk-of-tweets-february-24-march-3-220-239",
    "event_slug": "elon-musk-of-tweets-february-24-march-3",
    "token_id": "90904633589107806788487313426170733956676682571524020130288580992623450966906",
    "outcome": "Yes",
    "side": "BUY",
    "price": 0.001,
    "size": 1000,
    "transaction_hash": "0x30cc7335637a8a310d97c06c82426237e9d68cbc5cfe81ec597a31aed93da629",
    "condition_id": "0xd19d790ae7e1779d7b3c80dbd3c60caf680dcee0830cc2baabc69eb83222f45e",
    "bracket_low": 220,
    "bracket_high": 239
  },
  {
    "timestamp": 1772558251,
    "market_slug": "elon-musk-of-tweets-february-24-march-3-200-219",
    "event_slug": "elon-musk-of-tweets-february-24-march-3",
    "token_id": "47475983187855837427008711362911805686361376336041756680242784312679781202795",
    "outcome": "Yes",
    "side": "SELL",
    "price": 0.999,
    "size": 25.22,
    "transaction_hash": "0xaf6cd0e1fe88df38336a2f4c32cd6d7ffe452755f5573e8ddc8f5bc139c61fc8",
    "condition_id": "0xbc0c2be2a0b23f24cb2a9ad3e19d1d35297ec1455c03e88844b3e39a0a3b7acc",
    "bracket_low": 200,
    "bracket_high": 219
  },
  {
    "timestamp": 1772558197,
    "market_slug": "elon-musk-of-tweets-february-24-march-3-200-219",
    "event_slug": "elon-musk-of-tweets-february-24-march-3",
    "token_id": "47475983187855837427008711362911805686361376336041756680242784312679781202795",
    "outcome": "Yes",
    "side": "SELL",
    "price": 0.999,
    "size": 11.9,
    "transaction_hash": "0x8cdc146609ecc5323f01e9bf1fa6c97bfc67d1bbf29c79f1d39f0a9411b08fc2",
    "condition_id": "0xbc0c2be2a0b23f24cb2a9ad3e19d1d35297ec1455c03e88844b3e39a0a3b7acc",
    "bracket_low": 200,
    "bracket_high": 219
  },
  {
    "timestamp": 1772558177,
    "market_slug": "elon-musk-of-tweets-february-24-march-3-200-219",
    "event_slug": "elon-musk-of-tweets-february-24-march-3",
    "token_id": "47475983187855837427008711362911805686361376336041756680242784312679781202795",
    "outcome": "Yes",
    "side": "SELL",
    "price": 0.999,
    "size": 1000,
    "transaction_hash": "0x71552e52bba4f708b32cd3411a6f97685c50475dd92b3f311e87a488f02ed695",
    "condition_id": "0xbc0c2be2a0b23f24cb2a9ad3e19d1d35297ec1455c03e88844b3e39a0a3b7acc",
    "bracket_low": 200,
    "bracket_high": 219
  },
  {
    "timestamp": 1772558165,
    "market_slug": "elon-musk-of-tweets-february-24-march-3-200-219",
    "event_slug": "elon-musk-of-tweets-february-24-march-3",
    "token_id": "47475983187855837427008711362911805686361376336041756680242784312679781202795",
    "outcome": "Yes",
    "side": "SELL",
    "price": 0.999,
    "size": 15.15,
    "transaction_hash": "0xe90156054fb3de790c44e2fb391538d8e656ec8de4cb6644d095a54b22f90888",
    "condition_id": "0xbc0c2be2a0b23f24cb2a9ad3e19d1d35297ec1455c03e88844b3e39a0a3b7acc",
    "bracket_low": 200,
    "bracket_high": 219
  },
  {
    "timestamp": 1772558155,
    "market_slug": "elon-musk-of-tweets-february-24-march-3-200-219",
    "event_slug": "elon-musk-of-tweets-february-24-march-3",
    "token_id": "47475983187855837427008711362911805686361376336041756680242784312679781202795",
    "outcome": "Yes",
    "side": "SELL",
    "price": 0.999,
    "size": 842.12,
    "transaction_hash": "0xdc6f7d57c45dd67d7c6db94bec1a3447add2929e6a03ee20635ea4452853e632",
    "condition_id": "0xbc0c2be2a0b23f24cb2a9ad3e19d1d35297ec1455c03e88844b3e39a0a3b7acc",
    "bracket_low": 200,
    "bracket_high": 219
  },
  {
    "timestamp": 1772558089,
    "market_slug": "elon-musk-of-tweets-february-24-march-3-220-239",
    "event_slug": "elon-musk-of-tweets-february-24-march-3",
    "token_id": "100929787658235120197027333414507985209436499488843882154710181817108949635715",
    "outcome": "No",
    "side": "SELL",
    "price": 0.999,
    "size": 16.25,
    "transaction_hash": "0xe172907d1710fbcfa02b80b07f717aae57a57a62675c8ac809d36a39fb57fefb",
    "condition_id": "0xd19d790ae7e1779d7b3c80dbd3c60caf680dcee0830cc2baabc69eb83222f45e",
    "bracket_low": 220,
    "bracket_high": 239
  },
  {
    "timestamp": 1772558059,
    "market_slug": "elon-musk-of-tweets-february-24-march-3-200-219",
    "event_slug": "elon-musk-of-tweets-february-24-march-3",
    "token_id": "47475983187855837427008711362911805686361376336041756680242784312679781202795",
    "outcome": "Yes",
    "side": "SELL",
    "price": 0.999,
    "size": 15.82,
    "transaction_hash": "0x02dbd822ffd0b230451ce2cba317c0e8e17827bd7b738ff0f189146747865d48",
    "condition_id": "0xbc0c2be2a0b23f24cb2a9ad3e19d1d35297ec1455c03e88844b3e39a0a3b7acc",
    "bracket_low": 200,
    "bracket_high": 219
  },
  {
    "timestamp": 1772558005,
    "market_slug": "elon-musk-of-tweets-february-24-march-3-200-219",
    "event_slug": "elon-musk-of-tweets-february-24-march-3",
    "token_id": "47475983187855837427008711362911805686361376336041756680242784312679781202795",
    "outcome": "Yes",
    "side": "SELL",
    "price": 0.999,
    "size": 200.4,
    "transaction_hash": "0x4f842b8cc1ea65d7947506aea7c1346669efb90f04c6ea15ae6c3d669c087b7d",
    "condition_id": "0xbc0c2be2a0b23f24cb2a9ad3e19d1d35297ec1455c03e88844b3e39a0a3b7acc",
    "bracket_low": 200,
    "bracket_high": 219
  },
  {
    "timestamp": 1772557993,
    "market_slug": "elon-musk-of-tweets-february-24-march-3-220-239",
    "event_slug": "elon-musk-of-tweets-february-24-march-3",
    "token_id": "100929787658235120197027333414507985209436499488843882154710181817108949635715",
    "outcome": "No",
    "side": "SELL",
    "price": 0.999,
    "size": 50,
    "transaction_hash": "0x6cd34c5c5724c5a0a5c92a37884d1940fd2f9a88cc1a98a33e15eaff90a10381",
    "condition_id": "0xd19d790ae7e1779d7b3c80dbd3c60caf680dcee0830cc2baabc69eb83222f45e",
    "bracket_low": 220,
    "bracket_high": 239
  },
  {
    "timestamp": 1772557991,
    "market_slug": "elon-musk-of-tweets-february-24-march-3-200-219",
    "event_slug": "elon-musk-of-tweets-february-24-march-3",
    "token_id": "47475983187855837427008711362911805686361376336041756680242784312679781202795",
    "outcome": "Yes",
    "side": "SELL",
    "price": 0.999,
    "size": 15,
    "transaction_hash": "0x6d8b0ebe1a396bb88748bad3d4929834c8880ce00d3b9bc6c97563cdf8cff7e1",
    "condition_id": "0xbc0c2be2a0b23f24cb2a9ad3e19d1d35297ec1455c03e88844b3e39a0a3b7acc",
    "bracket_low": 200,
    "bracket_high": 219
  },
  {
    "timestamp": 1772557959,
    "market_slug": "elon-musk-of-tweets-february-24-march-3-200-219",
    "event_slug": "elon-musk-of-tweets-february-24-march-3",
    "token_id": "47475983187855837427008711362911805686361376336041756680242784312679781202795",
    "outcome": "Yes",
    "side": "SELL",
    "price": 0.999,
    "size": 100.16,
    "transaction_hash": "0x4774f821e44149f97b2a01ccf3fd1aeb13e8976df31cb623676a026f1f8e4b4d",
    "condition_id": "0xbc0c2be2a0b23f24cb2a9ad3e19d1d35297ec1455c03e88844b3e39a0a3b7acc",
    "bracket_low": 200,
    "bracket_high": 219
  },
  {
    "timestamp": 1772557957,
    "market_slug": "elon-musk-of-tweets-february-24-march-3-200-219",
    "event_slug": "elon-musk-of-tweets-february-24-march-3",
    "token_id": "47475983187855837427008711362911805686361376336041756680242784312679781202795",
    "outcome": "Yes",
    "side": "SELL",
    "price": 0.999,
    "size": 1300.44,
    "transaction_hash": "0x1e28a67810d198af103ad4a91a55751cb3557193ce99354ad610fa6b85fa7782",
    "condition_id": "0xbc0c2be2a0b23f24cb2a9ad3e19d1d35297ec1455c03e88844b3e39a0a3b7acc",
    "bracket_low": 200,
    "bracket_high": 219
  },
  {
    "timestamp": 1772557909,
    "market_slug": "elon-musk-of-tweets-february-24-march-3-200-219",
    "event_slug": "elon-musk-of-tweets-february-24-march-3",
    "token_id": "47475983187855837427008711362911805686361376336041756680242784312679781202795",
    "outcome": "Yes",
    "side": "SELL",
    "price": 0.999,
    "size": 32.18,
    "transaction_hash": "0x1ca047b1b8e13a7405831f4eb91ad2354be57a707e946ef9346e9ee39daf8084",
    "condition_id": "0xbc0c2be2a0b23f24cb2a9ad3e19d1d35297ec1455c03e88844b3e39a0a3b7acc",
    "bracket_low": 200,
    "bracket_high": 219
  },
  {
    "timestamp": 1772557875,
    "market_slug": "elon-musk-of-tweets-february-24-march-3-220-239",
    "event_slug": "elon-musk-of-tweets-february-24-march-3",
    "token_id": "90904633589107806788487313426170733956676682571524020130288580992623450966906",
    "outcome": "Yes",
    "side": "BUY",
    "price": 0.001,
    "size": 50,
    "transaction_hash": "0xe0d4ea809f995d4cdee02b42eb5d493904160d38f1bac8d62fe9a48213b2cf14",
    "condition_id": "0xd19d790ae7e1779d7b3c80dbd3c60caf680dcee0830cc2baabc69eb83222f45e",
