[
  {
    "timestamp": 1772824657,
    "market_slug": "elon-musk-of-tweets-february-27-march-6-200-219",
    "event_slug": "elon-musk-of-tweets-february-27-march-6",
    "token_id": "19335635848638930006389862370795788468864191936184624295736509993095012014844",
    "outcome": "Yes",
    "side": "SELL",
    "price": 0.999,
    "size": 29.74,
    "transaction_hash": "0x747d6c0c5e68d8fb570240cdc48d5bb295d10143eab7c91eb5d2b9fb126276c3",
    "condition_id": "0x5b45dfd09ee98b5cf5681b2d0ba815a3ddb7d05d4df1bcd2f3bae35fed485d51",
    "bracket_low": 200,
    "bracket_high": 219
  },
  {
    "timestamp": 1772824593,
    "market_slug": "elon-musk-of-tweets-february-27-march-6-200-219",
    "event_slug": "elon-musk-of-tweets-february-27-march-6",
    "token_id": "19335635848638930006389862370795788468864191936184624295736509993095012014844",
    "outcome": "Yes",
    "side": "SELL",
    "price": 0.999,
    "size": 87.37,
    "transaction_hash": "0x4f9299fcba5c512393b0617fbc9dbe5770a45f3f02bd3e677bb831a5e0bb042b",
    "condition_id": "0x5b45dfd09ee98b5cf5681b2d0ba815a3ddb7d05d4df1bcd2f3bae35fed485d51",
    "bracket_low": 200,
    "bracket_high": 219
  },
  {
    "timestamp": 1772824471,
    "market_slug": "elon-musk-of-tweets-february-27-march-6-200-219",
    "event_slug": "elon-musk-of-tweets-february-27-march-6",
    "token_id": "19335635848638930006389862370795788468864191936184624295736509993095012014844",
    "outcome": "Yes",
    "side": "SELL",
    "price": 0.999,
    "size": 1486.06,
    "transaction_hash": "0x22383b9931da36f1d4d2b0ce34edb2d7b1069b451d51957fada279a1868de84a",
    "condition_id": "0x5b45dfd09ee98b5cf5681b2d0ba815a3ddb7d05d4df1bcd2f3bae35fed485d51",
    "bracket_low": 200,
    "bracket_high": 219
  },
  {
    "timestamp": 1772824269,
    "market_slug": "elon-musk-of-tweets-february-27-march-6-240-259",
    "event_slug": "elon-musk-of-tweets-february-27-march-6",
    "token_id": "26898365299311949446420397740288297939018727545963802269678293134583262392617",
    "outcome": "No",
    "side": "SELL",
    "price": 0.999,
    "size": 185.38,
    "transaction_hash": "0x83feea8dc3df8a909c1ee31278f7ff0c517d4c32b8c528af4df73211211e3e86",
    "condition_id": "0x265162b0230303af84d50e0b63f30128ddec0454214b2b71cbdab550be7c7a42",
    "bracket_low": 240,
    "bracket_high": 259
  },
  {
    "timestamp": 1772824137,
    "market_slug": "elon-musk-of-tweets-february-27-march-6-200-219",
    "event_slug": "elon-musk-of-tweets-february-27-march-6",
    "token_id": "19335635848638930006389862370795788468864191936184624295736509993095012014844",
    "outcome": "Yes",
    "side": "SELL",
    "price": 0.999,
    "size": 2.42,
    "transaction_hash": "0x9b66456aca180f3ce818b04e01fe59d969bc8d231c9e2f39fd227d26c7153d15",
    "condition_id": "0x5b45dfd09ee98b5cf5681b2d0ba815a3ddb7d05d4df1bcd2f3bae35fed485d51",
    "bracket_low": 200,
    "bracket_high": 219
  },
  {
    "timestamp": 1772824135,
    "market_slug": "elon-musk-of-tweets-february-27-march-6-200-219",
    "event_slug": "elon-musk-of-tweets-february-27-march-6",
    "token_id": "19335635848638930006389862370795788468864191936184624295736509993095012014844",
    "outcome": "Yes",
    "side": "SELL",
    "price": 0.999,
    "size": 266.42,
    "transaction_hash": "0xf5b25f9afb3b294c638865735150b3a1ab2533c149bd3407fa9c6c7f1d728ba1",
    "condition_id": "0x5b45dfd09ee98b5cf5681b2d0ba815a3ddb7d05d4df1bcd2f3bae35fed485d51",
    "bracket_low": 200,
    "bracket_high": 219
  },
  {
    "timestamp": 1772823971,
    "market_slug": "elon-musk-of-tweets-february-27-march-6-200-219",
    "event_slug": "elon-musk-of-tweets-february-27-march-6",
    "token_id": "112537663018197374694617069143327483053644124983075964396702735764715317003738",
    "outcome": "No",
    "side": "BUY",
    "price": 0.001,
    "size": 1000,
    "transaction_hash": "0xab716e24f316ebf863c1efdbf10676031db07077c0476534feb125ba633b40b3",
    "condition_id": "0x5b45dfd09ee98b5cf5681b2d0ba815a3ddb7d05d4df1bcd2f3bae35fed485d51",
    "bracket_low": 200,
    "bracket_high": 219
  },
  {
    "timestamp": 1772823823,
    "market_slug": "elon-musk-of-tweets-february-27-march-6-200-219",
    "event_slug": "elon-musk-of-tweets-february-27-march-6",
    "token_id": "112537663018197374694617069143327483053644124983075964396702735764715317003738",
    "outcome": "No",
    "side": "BUY",
    "price": 0.001,
    "size": 1000,
    "transaction_hash": "0xe9de2f3655faf8e82f529b5df5ed8b3b18e82f5d5c6062ae557000a99a3bb783",
    "condition_id": "0x5b45dfd09ee98b5cf5681b2d0ba815a3ddb7d05d4df1bcd2f3bae35fed485d51",
    "bracket_low": 200,
    "bracket_high": 219
  },
  {
    "timestamp": 1772823789,
    "market_slug": "elon-musk-of-tweets-february-27-march-6-220-239",
    "event_slug": "elon-musk-of-tweets-february-27-march-6",
    "token_id": "6226558688948207872023014108806008609139824171205301015693623347461096437689",
    "outcome": "No",
    "side": "SELL",
    "price": 0.999,
    "size": 254.01,
    "transaction_hash": "0x8e7e3c327f583e082977919017c820fa3b93619e902aba8ee2d6963177a128ae",
    "condition_id": "0x47a6e502ccd9fab12e42e4d22d18d561d329e49870a0b0038edd1c7b39d8fa92",
    "bracket_low": 220,
    "bracket_high": 239
  },
  {
    "timestamp": 1772823539,
    "market_slug": "elon-musk-of-tweets-february-27-march-6-200-219",
    "event_slug": "elon-musk-of-tweets-february-27-march-6",
    "token_id": "19335635848638930006389862370795788468864191936184624295736509993095012014844",
    "outcome": "Yes",
    "side": "SELL",
    "price": 0.999,
    "size": 1.31,
    "transaction_hash": "0x753858dde1444ff04d1cf171ebd493da3506824ef90ad10922be0939167a7833",
    "condition_id": "0x5b45dfd09ee98b5cf5681b2d0ba815a3ddb7d05d4df1bcd2f3bae35fed485d51",
    "bracket_low": 200,
    "bracket_high": 219
  },
  {
    "timestamp": 1772823451,
    "market_slug": "elon-musk-of-tweets-february-27-march-6-260-279",
    "event_slug": "elon-musk-of-tweets-february-27-march-6",
    "token_id": "90203218968674119363934248901824154007619721561688686867191102445221847568293",
    "outcome": "No",
    "side": "SELL",
    "price": 0.999,
    "size": 202.3,
    "transaction_hash": "0x5afc53b6015cf4d19eaa4698eed148019594e115cb3b318868149835f57bbd4b",
    "condition_id": "0xf2e0340a9b3c7efc3dc1088f70e8ff851f88745143edc8c4bfdb3583adc3b9b9",
    "bracket_low": 260,
    "bracket_high": 279
  },
  {
    "timestamp": 1772823395,
    "market_slug": "elon-musk-of-tweets-february-27-march-6-220-239",
    "event_slug": "elon-musk-of-tweets-february-27-march-6",
    "token_id": "6226558688948207872023014108806008609139824171205301015693623347461096437689",
    "outcome": "No",
    "side": "SELL",
    "price": 0.999,
    "size": 498.78,
    "transaction_hash": "0x22e5da22ed867c7a16d1a9bd451a6474f2c3ad33ef1ae031797f4881e49fac58",
    "condition_id": "0x47a6e502ccd9fab12e42e4d22d18d561d329e49870a0b0038edd1c7b39d8fa92",
    "bracket_low": 220,
    "bracket_high": 239
  },
  {
    "timestamp": 1772823377,
    "market_slug": "elon-musk-of-tweets-february-27-march-6-200-219",
    "event_slug": "elon-musk-of-tweets-february-27-march-6",
    "token_id": "19335635848638930006389862370795788468864191936184624295736509993095012014844",
    "outcome": "Yes",
    "side": "SELL",
    "price": 0.999,
    "size": 495.35,
    "transaction_hash": "0x14db86c97e755d0c67efca5f19776aea04bb3bea1c50432c0d3d8ec399a28da8",
    "condition_id": "0x5b45dfd09ee98b5cf5681b2d0ba815a3ddb7d05d4df1bcd2f3bae35fed485d51",
    "bracket_low": 200,
    "bracket_high": 219
  },
  {
    "timestamp": 1772823311,
    "market_slug": "elon-musk-of-tweets-february-27-march-6-220-239",
    "event_slug": "elon-musk-of-tweets-february-27-march-6",
    "token_id": "6226558688948207872023014108806008609139824171205301015693623347461096437689",
    "outcome": "No",
    "side": "SELL",
    "price": 0.999,
    "size": 500,
    "transaction_hash": "0x32da4e3fdc14cbb115b7fe2dd0a030fe830575776d6536100e9369494060c32b",
    "condition_id": "0x47a6e502ccd9fab12e42e4d22d18d561d329e49870a0b0038edd1c7b39d8fa92",
    "bracket_low": 220,
    "bracket_high": 239
  },
  {
    "timestamp": 1772823189,
    "market_slug": "elon-musk-of-tweets-february-27-march-6-200-219",
    "event_slug": "elon-musk-of-tweets-february-27-march-6",
    "token_id": "19335635848638930006389862370795788468864191936184624295736509993095012014844",
    "outcome": "Yes",
    "side": "SELL",
    "price": 0.999,
    "size": 1.18,
    "transaction_hash": "0x449298b5c82f9e04c2893a3ad2c335028baf7fb3f9fa89aa3c1881e8b77127e3",
    "condition_id": "0x5b45dfd09ee98b5cf5681b2d0ba815a3ddb7d05d4df1bcd2f3bae35fed485d51",
    "bracket_low": 200,
    "bracket_high": 219
  },
  {
    "timestamp": 1772823015,
    "market_slug": "elon-musk-of-tweets-february-27-march-6-200-219",
    "event_slug": "elon-musk-of-tweets-february-27-march-6",
    "token_id": "19335635848638930006389862370795788468864191936184624295736509993095012014844",
    "outcome": "Yes",
    "side": "SELL",
    "price": 0.999,
    "size": 10,
    "transaction_hash": "0x410cd7c648719db8363907eb3068d39aa38a111fbd88783241d0078738c9f88b",
    "condition_id": "0x5b45dfd09ee98b5cf5681b2d0ba815a3ddb7d05d4df1bcd2f3bae35fed485d51",
    "bracket_low": 200,
    "bracket_high": 219
  },
  {
    "timestamp": 1772822929,
    "market_slug": "elon-musk-of-tweets-february-27-march-6-200-219",
    "event_slug": "elon-musk-of-tweets-february-27-march-6",
    "token_id": "19335635848638930006389862370795788468864191936184624295736509993095012014844",
    "outcome": "Yes",
    "side": "SELL",
    "price": 0.999,
    "size": 10.63,
    "transaction_hash": "0x2a8434545a4d8dcbc9def37445d0f91181f7c7bd60104b929b4da67e603c7135",
    "condition_id": "0x5b45dfd09ee98b5cf5681b2d0ba815a3ddb7d05d4df1bcd2f3bae35fed485d51",
    "bracket_low": 200,
    "bracket_high": 219
  },
  {
    "timestamp": 1772822835,
    "market_slug": "elon-musk-of-tweets-february-27-march-6-200-219",
    "event_slug": "elon-musk-of-tweets-february-27-march-6",
    "token_id": "19335635848638930006389862370795788468864191936184624295736509993095012014844",
    "outcome": "Yes",
    "side": "SELL",
    "price": 0.999,
    "size": 10,
    "transaction_hash": "0xfa5b9c8a66284f767bbc68c70362b76fd8f58d819dcc5220173b40838940e560",
    "condition_id": "0x5b45dfd09ee98b5cf5681b2d0ba815a3ddb7d05d4df1bcd2f3bae35fed485d51",
    "bracket_low": 200,
    "bracket_high": 219
  },
  {
    "timestamp": 1772822815,
    "market_slug": "elon-musk-of-tweets-february-27-march-6-240-259",
    "event_slug": "elon-musk-of-tweets-february-27-march-6",
    "token_id": "26898365299311949446420397740288297939018727545963802269678293134583262392617",
    "outcome": "No",
    "side": "SELL",
    "price": 0.999,
    "size": 20,
    "transaction_hash": "0xe28a3d4b9156c11711266c36416e7fd9fda64db5c879534676f3eaa0f43e2c1a",
    "condition_id": "0x265162b0230303af84d50e0b63f30128ddec0454214b2b71cbdab550be7c7a42",
    "bracket_low": 240,
    "bracket_high": 259
  },
  {
    "timestamp": 1772822797,
    "market_slug": "elon-musk-of-tweets-february-27-march-6-200-219",
    "event_slug": "elon-musk-of-tweets-february-27-march-6",
    "token_id": "19335635848638930006389862370795788468864191936184624295736509993095012014844",
    "outcome": "Yes",
    "side": "SELL",
    "price": 0.999,
    "size": 93.65,
    "transaction_hash": "0xe7769b329a21ae42ad06a65387bb7004291c550f98b481b0724ac31e32f5f98f",
    "condition_id": "0x5b45dfd09ee98b5cf5681b2d0ba815a3ddb7d05d4df1bcd2f3bae35fed485d51",
    "bracket_low": 200,
    "bracket_high": 219
  },
  {
    "timestamp": 1772822735,
    "market_slug": "elon-musk-of-tweets-february-27-march-6-260-279",
    "event_slug": "elon-musk-of-tweets-february-27-march-6",
    "token_id": "90203218968674119363934248901824154007619721561688686867191102445221847568293",
    "outcome": "No",
    "side": "SELL",
    "price": 0.999,
    "size": 86.05,
    "transaction_hash": "0xf0ade3f8666f154a70bec2c6b1626bc1a6260d9d0f07de59184a45c3ee14dced",
    "condition_id": "0xf2e0340a9b3c7efc3dc1088f70e8ff851f88745143edc8c4bfdb3583adc3b9b9",
    "bracket_low": 260,
    "bracket_high": 279
  },
  {
    "timestamp": 1772822687,
    "market_slug": "elon-musk-of-tweets-february-27-march-6-240-259",
    "event_slug": "elon-musk-of-tweets-february-27-march-6",
    "token_id": "26898365299311949446420397740288297939018727545963802269678293134583262392617",
    "outcome": "No",
    "side": "SELL",
    "price": 0.999,
    "size": 551.11,
    "transaction_hash": "0x94ac5ebeeb674858be5cce996a712fa5ae1e24307afa5018b05dd699837677a5",
    "condition_id": "0x265162b0230303af84d50e0b63f30128ddec0454214b2b71cbdab550be7c7a42",
    "bracket_low": 240,
    "bracket_high": 259
  },
  {
    "timestamp": 1772822563,
    "market_slug": "elon-musk-of-tweets-february-27-march-6-200-219",
    "event_slug": "elon-musk-of-tweets-february-27-march-6",
    "token_id": "19335635848638930006389862370795788468864191936184624295736509993095012014844",
    "outcome": "Yes",
    "side": "SELL",
    "price": 0.999,
    "size": 10,
    "transaction_hash": "0xac35a7a0c2472411dc9d0a745108c732589b06b7ce0a176b38f55845e2b51630",
    "condition_id": "0x5b45dfd09ee98b5cf5681b2d0ba815a3ddb7d05d4df1bcd2f3bae35fed485d51",
    "bracket_low": 200,
    "bracket_high": 219
  },
  {
    "timestamp": 1772822541,
    "market_slug": "elon-musk-of-tweets-february-27-march-6-260-279",
    "event_slug": "elon-musk-of-tweets-february-27-march-6",
    "token_id": "90203218968674119363934248901824154007619721561688686867191102445221847568293",
    "outcome": "No",
    "side": "SELL",
    "price": 0.999,
    "size": 787.73,
    "transaction_hash": "0xe17dce9c64711ff5ba6a91128f4576dea6913e1747bf266625ed36cb2ee2a143",
    "condition_id": "0xf2e0340a9b3c7efc3dc1088f70e8ff851f88745143edc8c4bfdb3583adc3b9b9",
    "bracket_low": 260,
    "bracket_high": 279
  },
  {
    "timestamp": 1772822531,
    "market_slug": "elon-musk-of-tweets-february-27-march-6-280-299",
    "event_slug": "elon-musk-of-tweets-february-27-march-6",
    "token_id": "68706036469078566590054677837629400527962041574055086269371459761276513947941",
    "outcome": "No",
    "side": "SELL",
    "price": 0.999,
    "size": 1213.44,
    "transaction_hash": "0xdce26d01317d0d0432e2be49afae7189c97964b51de51d1acd4a9649b853499d",
    "condition_id": "0x4c58b23869c9f2e837fc92b686c45ae3d05deeb126304d5ff1fa0228c2342e94",
    "bracket_low": 280,
    "bracket_high": 299
  },
  {
    "timestamp": 1772822261,
    "market_slug": "elon-musk-of-tweets-february-27-march-6-200-219",
    "event_slug": "elon-musk-of-tweets-february-27-march-6",
    "token_id": "19335635848638930006389862370795788468864191936184624295736509993095012014844",
    "outcome": "Yes",
    "side": "SELL",
    "price": 0.999,
    "size": 6.56,
    "transaction_hash": "0x456a93fa0acfe17bf09e7313280f42c64fba2b91b03c2951fdb857d856d89d17",
    "condition_id": "0x5b45dfd09ee98b5cf5681b2d0ba815a3ddb7d05d4df1bcd2f3bae35fed485d51",
    "bracket_low": 200,
    "bracket_high": 219
  },
  {
    "timestamp": 1772822259,
    "market_slug": "elon-musk-of-tweets-february-27-march-6-200-219",
    "event_slug": "elon-musk-of-tweets-february-27-march-6",
    "token_id": "19335635848638930006389862370795788468864191936184624295736509993095012014844",
    "outcome": "Yes",
    "side": "SELL",
    "price": 0.999,
    "size": 14.21,
    "transaction_hash": "0x15ed3a4147e4dd8c96b35f09c065c23da626da4a09704b06aa148d2b1ddbf83d",
    "condition_id": "0x5b45dfd09ee98b5cf5681b2d0ba815a3ddb7d05d4df1bcd2f3bae35fed485d51",
    "bracket_low": 200,
    "bracket_high": 219
  },
  {
    "timestamp": 1772822241,
    "market_slug": "elon-musk-of-tweets-february-27-march-6-200-219",
    "event_slug": "elon-musk-of-tweets-february-27-march-6",
    "token_id": "19335635848638930006389862370795788468864191936184624295736509993095012014844",
    "outcome": "Yes",
    "side": "SELL",
    "price": 0.999,
    "size": 132.91,
    "transaction_hash": "0x0326e217d84c3f7a5303f4fd90ef5128f1e9afa9f2b28986af8025f357f264a9",
    "condition_id": "0x5b45dfd09ee98b5cf5681b2d0ba815a3ddb7d05d4df1bcd2f3bae35fed485d51",
    "bracket_low": 200,
    "bracket_high": 219
  },
  {
    "timestamp": 1772822223,
    "market_slug": "elon-musk-of-tweets-february-27-march-6-200-219",
    "event_slug": "elon-musk-of-tweets-february-27-march-6",
    "token_id": "19335635848638930006389862370795788468864191936184624295736509993095012014844",
    "outcome": "Yes",
    "side": "SELL",
    "price": 0.999,
    "size": 12.37,
    "transaction_hash": "0x436aa455bcaf9dfea1b0cd11dd7358a0c635d938a8c3b22965d969fc610b2972",
    "condition_id": "0x5b45dfd09ee98b5cf5681b2d0ba815a3ddb7d05d4df1bcd2f3bae35fed485d51",
    "bracket_low": 200,
    "bracket_high": 219
  },
  {
    "timestamp": 1772822217,
    "market_slug": "elon-musk-of-tweets-february-27-march-6-220-239",
    "event_slug": "elon-musk-of-tweets-february-27-march-6",
    "token_id": "6226558688948207872023014108806008609139824171205301015693623347461096437689",
    "outcome": "No",
    "side": "SELL",
    "price": 0.999,
    "size": 23.32,
    "transaction_hash": "0xa10b04626d9f81c24a700b79859d8c645fe1d9ef14510d1d2eadfaa5b201782a",
    "condition_id": "0x47a6e502ccd9fab12e42e4d22d18d561d329e49870a0b0038edd1c7b39d8fa92",
    "bracket_low": 220,
    "bracket_high": 239
  },
  {
    "timestamp": 1772822213,
    "market_slug": "elon-musk-of-tweets-february-27-march-6-200-219",
    "event_slug": "elon-musk-of-tweets-february-27-march-6",
    "token_id": "19335635848638930006389862370795788468864191936184624295736509993095012014844",
    "outcome": "Yes",
    "side": "SELL",
    "price": 0.999,
    "size": 25.64,
    "transaction_hash": "0x2bb1324fde0ad1724c12fb2f489e57f0f019c76a2a12f4c07e6333c2f45d541d",
    "condition_id": "0x5b45dfd09ee98b5cf5681b2d0ba815a3ddb7d05d4df1bcd2f3bae35fed485d51",
    "bracket_low": 200,
    "bracket_high": 219
  },
  {
    "timestamp": 1772822071,
    "market_slug": "elon-musk-of-tweets-february-27-march-6-200-219",
    "event_slug": "elon-musk-of-tweets-february-27-march-6",
    "token_id": "19335635848638930006389862370795788468864191936184624295736509993095012014844",
    "outcome": "Yes",
    "side": "SELL",
    "price": 0.999,
    "size": 5.37,
    "transaction_hash": "0xdb3b5467903f0d7cb620471e97c3f3ad1d6f4cedc25bb87013cf4820cf21f028",
    "condition_id": "0x5b45dfd09ee98b5cf5681b2d0ba815a3ddb7d05d4df1bcd2f3bae35fed485d51",
    "bracket_low": 200,
    "bracket_high": 219
  },
  {
    "timestamp": 1772822045,
    "market_slug": "elon-musk-of-tweets-february-27-march-6-200-219",
    "event_slug": "elon-musk-of-tweets-february-27-march-6",
    "token_id": "19335635848638930006389862370795788468864191936184624295736509993095012014844",
    "outcome": "Yes",
    "side": "SELL",
    "price": 0.999,
    "size": 199.05,
    "transaction_hash": "0x318790ffae03fc93336eae84114a9ca726e1971dff2fde97c1b5d19c550ea9e3",
    "condition_id": "0x5b45dfd09ee98b5cf5681b2d0ba815a3ddb7d05d4df1bcd2f3bae35fed485d51",
    "bracket_low": 200,
    "bracket_high": 219
  },
  {
    "timestamp": 1772821889,
    "market_slug": "elon-musk-of-tweets-february-27-march-6-200-219",
    "event_slug": "elon-musk-of-tweets-february-27-march-6",
    "token_id": "19335635848638930006389862370795788468864191936184624295736509993095012014844",
    "outcome": "Yes",
    "side": "SELL",
    "price": 0.999,
    "size": 3.09,
    "transaction_hash": "0x863fdce6c60c4f8c2bb2d6b19e2f8e757fdbd76d8e02abbab9683f330bec92e6",
    "condition_id": "0x5b45dfd09ee98b5cf5681b2d0ba815a3ddb7d05d4df1bcd2f3bae35fed485d51",
    "bracket_low": 200,
    "bracket_high": 219
  },
  {
    "timestamp": 1772821821,
    "market_slug": "elon-musk-of-tweets-february-27-march-6-220-239",
    "event_slug": "elon-musk-of-tweets-february-27-march-6",
    "token_id": "6226558688948207872023014108806008609139824171205301015693623347461096437689",
    "outcome": "No",
    "side": "SELL",
    "price": 0.999,
    "size": 110.28,
    "transaction_hash": "0xb364a297c38aa59f5e00531124d1c7e59a2249bc5dde4f9052d2ae9e4c83f45d",
    "condition_id": "0x47a6e502ccd9fab12e42e4d22d18d561d329e49870a0b0038edd1c7b39d8fa92",
    "bracket_low": 220,
    "bracket_high": 239
  },
  {
    "timestamp": 1772821555,
    "market_slug": "elon-musk-of-tweets-february-27-march-6-200-219",
    "event_slug": "elon-musk-of-tweets-february-27-march-6",
    "token_id": "19335635848638930006389862370795788468864191936184624295736509993095012014844",
    "outcome": "Yes",
    "side": "SELL",
    "price": 0.999,
    "size": 13.15,
    "transaction_hash": "0xd08325339439c791b3a3ba736014f3e3dd030bbfda1231af16d0f5c3efcffd10",
    "condition_id": "0x5b45dfd09ee98b5cf5681b2d0ba815a3ddb7d05d4df1bcd2f3bae35fed485d51",
    "bracket_low": 200,
    "bracket_high": 219
  },
  {
    "timestamp": 1772821531,
    "market_slug": "elon-musk-of-tweets-february-27-march-6-220-239",
    "event_slug": "elon-musk-of-tweets-february-27-march-6",
    "token_id": "6226558688948207872023014108806008609139824171205301015693623347461096437689",
    "outcome": "No",
    "side": "SELL",
    "price": 0.999,
    "size": 5.53,
    "transaction_hash": "0x888a4d7c7d452a4a09ea470121b14b59a1d5fae6a2df43cbae647a73737171ae",
    "condition_id": "0x47a6e502ccd9fab12e42e4d22d18d561d329e49870a0b0038edd1c7b39d8fa92",
    "bracket_low": 220,
    "bracket_high": 239
  },
  {
    "timestamp": 1772821479,
    "market_slug": "elon-musk-of-tweets-february-27-march-6-200-219",
    "event_slug": "elon-musk-of-tweets-february-27-march-6",
    "token_id": "19335635848638930006389862370795788468864191936184624295736509993095012014844",
    "outcome": "Yes",
    "side": "SELL",
    "price": 0.999,
    "size": 12.5,
    "transaction_hash": "0xb2acacd15d4401828e54c8b6cb2f73b5aa43fc1c648ec36efdfdedfde9e117f2",
    "condition_id": "0x5b45dfd09ee98b5cf5681b2d0ba815a3ddb7d05d4df1bcd2f3bae35fed485d51",
    "bracket_low": 200,
    "bracket_high": 219
  },
  {
    "timestamp": 1772821471,
    "market_slug": "elon-musk-of-tweets-february-27-march-6-220-239",
    "event_slug": "elon-musk-of-tweets-february-27-march-6",
    "token_id": "6226558688948207872023014108806008609139824171205301015693623347461096437689",
    "outcome": "No",
    "side": "SELL",
    "price": 0.999,
    "size": 5.2,
    "transaction_hash": "0xa0812112af07ca99876d7dd3b1416f1c0be993f02b55ee2d02d29afabcf635b5",
    "condition_id": "0x47a6e502ccd9fab12e42e4d22d18d561d329e49870a0b0038edd1c7b39d8fa92",
    "bracket_low": 220,
    "bracket_high": 239
  },
  {
    "timestamp": 1772821445,
    "market_slug": "elon-musk-of-tweets-february-27-march-6-200-219",
    "event_slug": "elon-musk-of-tweets-february-27-march-6",
    "token_id": "19335635848638930006389862370795788468864191936184624295736509993095012014844",
    "outcome": "Yes",
    "side": "SELL",
    "price": 0.999,
    "size": 5223.41,
    "transaction_hash": "0xbf682aee8b3425e56f147e555545a8b1caa49b0e15b422fd5cdb9f4bbd665b69",
    "condition_id": "0x5b45dfd09ee98b5cf5681b2d0ba815a3ddb7d05d4df1bcd2f3bae35fed485d51",
    "bracket_low": 200,
    "bracket_high": 219
  },
  {
    "timestamp": 1772821351,
    "market_slug": "elon-musk-of-tweets-february-27-march-6-200-219",
    "event_slug": "elon-musk-of-tweets-february-27-march-6",
    "token_id": "19335635848638930006389862370795788468864191936184624295736509993095012014844",
    "outcome": "Yes",
    "side": "SELL",
    "price": 0.999,
    "size": 50.66,
    "transaction_hash": "0x6ab4f9f372f14c2bbde47d26099d17d6464986ce571fc49bb2e0b1b14a65a882",
    "condition_id": "0x5b45dfd09ee98b5cf5681b2d0ba815a3ddb7d05d4df1bcd2f3bae35fed485d51",
    "bracket_low": 200,
    "bracket_high": 219
  },
  {
    "timestamp": 1772821269,
    "market_slug": "elon-musk-of-tweets-february-27-march-6-200-219",
    "event_slug": "elon-musk-of-tweets-february-27-march-6",
    "token_id": "19335635848638930006389862370795788468864191936184624295736509993095012014844",
    "outcome": "Yes",
    "side": "SELL",
    "price": 0.999,
    "size": 13.48,
    "transaction_hash": "0xfda2043236edea5e7535038c39e9a3da3b7129ae44e1fc8f04bcaf5ad9bb4055",
    "condition_id": "0x5b45dfd09ee98b5cf5681b2d0ba815a3ddb7d05d4df1bcd2f3bae35fed485d51",
    "bracket_low": 200,
    "bracket_high": 219
  },
  {
    "timestamp": 1772821261,
    "market_slug": "elon-musk-of-tweets-february-27-march-6-200-219",
    "event_slug": "elon-musk-of-tweets-february-27-march-6",
    "token_id": "19335635848638930006389862370795788468864191936184624295736509993095012014844",
    "outcome": "Yes",
    "side": "SELL",
    "price": 0.999,
    "size": 254.06,
    "transaction_hash": "0x9215960fc7fb7a4a1173ace998d6b3613cd17d69c77b95086f57be96e8174ff4",
    "condition_id": "0x5b45dfd09ee98b5cf5681b2d0ba815a3ddb7d05d4df1bcd2f3bae35fed485d51",
    "bracket_low": 200,
    "bracket_high": 219
  },
  {
    "timestamp": 1772821203,
    "market_slug": "elon-musk-of-tweets-february-27-march-6-200-219",
    "event_slug": "elon-musk-of-tweets-february-27-march-6",
    "token_id": "19335635848638930006389862370795788468864191936184624295736509993095012014844",
    "outcome": "Yes",
    "side": "SELL",
    "price": 0.999,
    "size": 14.17,
    "transaction_hash": "0x777eb6eaadee5a820656ae1746da22c3c272f2e97f5d70a378ef76dc16492b6a",
    "condition_id": "0x5b45dfd09ee98b5cf5681b2d0ba815a3ddb7d05d4df1bcd2f3bae35fed485d51",
    "bracket_low": 200,
    "bracket_high": 219
  },
  {
    "timestamp": 1772821193,
    "market_slug": "elon-musk-of-tweets-february-27-march-6-200-219",
    "event_slug": "elon-musk-of-tweets-february-27-march-6",
    "token_id": "19335635848638930006389862370795788468864191936184624295736509993095012014844",
    "outcome": "Yes",
    "side": "SELL",
    "price": 0.999,
    "size": 83.27,
    "transaction_hash": "0x2882aa047d7c2fe43f2d2ed7d2b09c509b4899fba5f71aa64960dc2faac11f7a",
    "condition_id": "0x5b45dfd09ee98b5cf5681b2d0ba815a3ddb7d05d4df1bcd2f3bae35fed485d51",
    "bracket_low": 200,
    "bracket_high": 219
  },
  {
    "timestamp": 1772821181,
    "market_slug": "elon-musk-of-tweets-february-27-march-6-220-239",
    "event_slug": "elon-musk-of-tweets-february-27-march-6",
    "token_id": "6226558688948207872023014108806008609139824171205301015693623347461096437689",
    "outcome": "No",
    "side": "SELL",
    "price": 0.999,
    "size": 1.47,
    "transaction_hash": "0x4cb69083ff5a6c5687d03ccead4b017e854877dd83996bffe3b1a3244aeddd1a",
    "condition_id": "0x47a6e502ccd9fab12e42e4d22d18d561d329e49870a0b0038edd1c7b39d8fa92",
    "bracket_low": 220,
    "bracket_high": 239
  },
  {
    "timestamp": 1772821177,
    "market_slug": "elon-musk-of-tweets-february-27-march-6-200-219",
    "event_slug": "elon-musk-of-tweets-february-27-march-6",
    "token_id": "19335635848638930006389862370795788468864191936184624295736509993095012014844",
    "outcome": "Yes",
    "side": "SELL",
    "price": 0.999,
    "size": 5.58,
    "transaction_hash": "0x4ee5c7703eac09fdd643884f4ee26b86564f47169ecdf4c90d8aeb8a592c05c5",
    "condition_id": "0x5b45dfd09ee98b5cf5681b2d0ba815a3ddb7d05d4df1bcd2f3bae35fed485d51",
    "bracket_low": 200,
    "bracket_high": 219
  },
  {
    "timestamp": 1772821081,
    "market_slug": "elon-musk-of-tweets-february-27-march-6-200-219",
    "event_slug": "elon-musk-of-tweets-february-27-march-6",
    "token_id": "19335635848638930006389862370795788468864191936184624295736509993095012014844",
    "outcome": "Yes",
    "side": "SELL",
    "price": 0.999,
    "size": 63.23,
    "transaction_hash": "0x17bf5d83012a2c4d52602bb82bdc0ef586fffdf92c307d93ad795de290f202a8",
    "condition_id": "0x5b45dfd09ee98b5cf5681b2d0ba815a3ddb7d05d4df1bcd2f3bae35fed485d51",
    "bracket_low": 200,
    "bracket_high": 219
  },
  {
    "timestamp": 1772821079,
    "market_slug": "elon-musk-of-tweets-february-27-march-6-220-239",
    "event_slug": "elon-musk-of-tweets-february-27-march-6",
    "token_id": "6226558688948207872023014108806008609139824171205301015693623347461096437689",
    "outcome": "No",
    "side": "SELL",
    "price": 0.999,
    "size": 2.23,
    "transaction_hash": "0xb0d7e0467bb4299e82ea77ad9356c7847d27eebcf9d95442e36962f2f7cc9bb5",
    "condition_id": "0x47a6e502ccd9fab12e42e4d22d18d561d329e49870a0b0038edd1c7b39d8fa92",
    "bracket_low": 220,
    "bracket_high": 239
  },
  {
    "timestamp": 1772821051,
    "market_slug": "elon-musk-of-tweets-february-27-march-6-200-219",
    "event_slug": "elon-musk-of-tweets-february-27-march-6",
    "token_id": "19335635848638930006389862370795788468864191936184624295736509993095012014844",
    "outcome": "Yes",
    "side": "SELL",
    "price": 0.999,
    "size": 70,
    "transaction_hash": "0x6ca47275d8d22fde3c4baafefc81ad05f45ff28c8a1053cca26c5a988577027a",
    "condition_id": "0x5b45dfd09ee98b5cf5681b2d0ba815a3ddb7d05d4df1bcd2f3bae35fed485d51",
    "bracket_low": 200,
    "bracket_high": 219
  },
  {
    "timestamp": 1772821017,
    "market_slug": "elon-musk-of-tweets-february-27-march-6-200-219",
    "event_slug": "elon-musk-of-tweets-february-27-march-6",
    "token_id": "19335635848638930006389862370795788468864191936184624295736509993095012014844",
    "outcome": "Yes",
    "side": "SELL",
    "price": 0.999,
    "size": 53.47,
    "transaction_hash": "0x5ba40b82ed064dc7323af049a800ad4b45767783d2689a08099efa7d92d63c8f",
    "condition_id": "0x5b45dfd09ee98b5cf5681b2d0ba815a3ddb7d05d4df1bcd2f3bae35fed485d51",
    "bracket_low": 200,
    "bracket_high": 219
  },
  {
    "timestamp": 1772820921,
    "market_slug": "elon-musk-of-tweets-february-27-march-6-200-219",
    "event_slug": "elon-musk-of-tweets-february-27-march-6",
    "token_id": "19335635848638930006389862370795788468864191936184624295736509993095012014844",
    "outcome": "Yes",
    "side": "SELL",
    "price": 0.999,
    "size": 15.37,
    "transaction_hash": "0x61b3b5670432aa91f9f3af19b9d0171507b526f951802707a7243945b3d37f83",
    "condition_id": "0x5b45dfd09ee98b5cf5681b2d0ba815a3ddb7d05d4df1bcd2f3bae35fed485d51",
    "bracket_low": 200,
    "bracket_high": 219
  },
  {
    "timestamp": 1772820807,
    "market_slug": "elon-musk-of-tweets-february-27-march-6-200-219",
    "event_slug": "elon-musk-of-tweets-february-27-march-6",
    "token_id": "19335635848638930006389862370795788468864191936184624295736509993095012014844",
    "outcome": "Yes",
    "side": "SELL",
    "price": 0.999,
    "size": 26.31,
    "transaction_hash": "0x962fc350a6b161ed54ed82c777f7c538397d00c6152abf659ddd126f101c5ddd",
    "condition_id": "0x5b45dfd09ee98b5cf5681b2d0ba815a3ddb7d05d4df1bcd2f3bae35fed485d51",
    "bracket_low": 200,
    "bracket_high": 219
  },
  {
    "timestamp": 1772820769,
    "market_slug": "elon-musk-of-tweets-february-27-march-6-220-239",
    "event_slug": "elon-musk-of-tweets-february-27-march-6",
    "token_id": "6226558688948207872023014108806008609139824171205301015693623347461096437689",
    "outcome": "No",
    "side": "SELL",
    "price": 0.999,
    "size": 38.59,
    "transaction_hash": "0xba5bf6c849709cfa243e77301e43745308c00aa11670b478ebff5470c510a9e2",
    "condition_id": "0x47a6e502ccd9fab12e42e4d22d18d561d329e49870a0b0038edd1c7b39d8fa92",
    "bracket_low": 220,
    "bracket_high": 239
  },
  {
    "timestamp": 1772820767,
    "market_slug": "elon-musk-of-tweets-february-27-march-6-200-219",
    "event_slug": "elon-musk-of-tweets-february-27-march-6",
    "token_id": "19335635848638930006389862370795788468864191936184624295736509993095012014844",
    "outcome": "Yes",
    "side": "SELL",
    "price": 0.999,
    "size": 14.7,
    "transaction_hash": "0x04b4e18f276a04a03e770ef393bd45db73f708b439e60b07d79a4af0bd33ed44",
    "condition_id": "0x5b45dfd09ee98b5cf5681b2d0ba815a3ddb7d05d4df1bcd2f3bae35fed485d51",
    "bracket_low": 200,
    "bracket_high": 219
  },
  {
    "timestamp": 1772820635,
    "market_slug": "elon-musk-of-tweets-february-27-march-6-200-219",
    "event_slug": "elon-musk-of-tweets-february-27-march-6",
    "token_id": "19335635848638930006389862370795788468864191936184624295736509993095012014844",
    "outcome": "Yes",
    "side": "SELL",
    "price": 0.999,
    "size": 19.03,
    "transaction_hash": "0x26060765f9c60fbb17410f8a1632acdb87b8ad55350f093688e1e29d3dcc6a4d",
    "condition_id": "0x5b45dfd09ee98b5cf5681b2d0ba815a3ddb7d05d4df1bcd2f3bae35fed485d51",
    "bracket_low": 200,
    "bracket_high": 219
  },
  {
    "timestamp": 1772820633,
    "market_slug": "elon-musk-of-tweets-february-27-march-6-200-219",
    "event_slug": "elon-musk-of-tweets-february-27-march-6",
    "token_id": "19335635848638930006389862370795788468864191936184624295736509993095012014844",
    "outcome": "Yes",
    "side": "SELL",
    "price": 0.999,
    "size": 2.15,
    "transaction_hash": "0x33bcc5fa30ef28bd31b68dfb83279066ccae3976bbf7836dae51fd32f9ae590b",
    "condition_id": "0x5b45dfd09ee98b5cf5681b2d0ba815a3ddb7d05d4df1bcd2f3bae35fed485d51",
    "bracket_low": 200,
    "bracket_high": 219
  },
  {
    "timestamp": 1772820601,
    "market_slug": "elon-musk-of-tweets-february-27-march-6-240-259",
    "event_slug": "elon-musk-of-tweets-february-27-march-6",
    "token_id": "26898365299311949446420397740288297939018727545963802269678293134583262392617",
    "outcome": "No",
    "side": "SELL",
    "price": 0.999,
    "size": 32,
    "transaction_hash": "0x68fdb3709a7e04346641ec7bfbbe2c0a1724ca643de1aec07e31559b801fd15e",
    "condition_id": "0x265162b0230303af84d50e0b63f30128ddec0454214b2b71cbdab550be7c7a42",
    "bracket_low": 240,
    "bracket_high": 259
  },
  {
    "timestamp": 1772820551,
    "market_slug": "elon-musk-of-tweets-february-27-march-6-240-259",
    "event_slug": "elon-musk-of-tweets-february-27-march-6",
    "token_id": "26898365299311949446420397740288297939018727545963802269678293134583262392617",
    "outcome": "No",
    "side": "SELL",
    "price": 0.999,
    "size": 575.86,
    "transaction_hash": "0x10faef7030cde7cf1fe56160cb0e04c893f6ca1619b9695150c6f5af9aeffbd1",
    "condition_id": "0x265162b0230303af84d50e0b63f30128ddec0454214b2b71cbdab550be7c7a42",
    "bracket_low": 240,
    "bracket_high": 259
  },
  {
    "timestamp": 1772820377,
    "market_slug": "elon-musk-of-tweets-february-27-march-6-300-319",
    "event_slug": "elon-musk-of-tweets-february-27-march-6",
    "token_id": "53467522146326710898239302527292474785287171688320251190963475275226764650582",
    "outcome": "No",
    "side": "SELL",
    "price": 0.999,
    "size": 10.1,
    "transaction_hash": "0x07748277c63f199ed1bdc4cbcdc93d058032bd5cec60f07edb9a01697bf9c947",
    "condition_id": "0x192aa2a7430e8c5b61a36446d87e68dc361f3032d068d276d57a05eff68d90dc",
    "bracket_low": 300,
    "bracket_high": 319
  },
  {
    "timestamp": 1772820313,
    "market_slug": "elon-musk-of-tweets-february-27-march-6-200-219",
    "event_slug": "elon-musk-of-tweets-february-27-march-6",
    "token_id": "19335635848638930006389862370795788468864191936184624295736509993095012014844",
    "outcome": "Yes",
    "side": "SELL",
    "price": 0.999,
    "size": 6.43,
    "transaction_hash": "0x54e330c52ea72d144c4a359b5b97f96c9dfee5bfec56a2327e40be784a25c9f6",
    "condition_id": "0x5b45dfd09ee98b5cf5681b2d0ba815a3ddb7d05d4df1bcd2f3bae35fed485d51",
    "bracket_low": 200,
    "bracket_high": 219
  },
  {
    "timestamp": 1772820225,
    "market_slug": "elon-musk-of-tweets-february-27-march-6-200-219",
    "event_slug": "elon-musk-of-tweets-february-27-march-6",
    "token_id": "19335635848638930006389862370795788468864191936184624295736509993095012014844",
    "outcome": "Yes",
    "side": "SELL",
    "price": 0.999,
    "size": 5.38,
    "transaction_hash": "0xa1aa64be5b0fe7868ff2fdb2ed4531ee9bdcf29413ad89fe2a1770a224b3fd90",
    "condition_id": "0x5b45dfd09ee98b5cf5681b2d0ba815a3ddb7d05d4df1bcd2f3bae35fed485d51",
    "bracket_low": 200,
    "bracket_high": 219
  },
  {
    "timestamp": 1772820111,
    "market_slug": "elon-musk-of-tweets-february-27-march-6-200-219",
    "event_slug": "elon-musk-of-tweets-february-27-march-6",
    "token_id": "19335635848638930006389862370795788468864191936184624295736509993095012014844",
    "outcome": "Yes",
    "side": "SELL",
    "price": 0.999,
    "size": 1790.05,
    "transaction_hash": "0x4f918eb12fb1a431442d7232b9334f85a05c85332ed8645c91ab715055a825b9",
    "condition_id": "0x5b45dfd09ee98b5cf5681b2d0ba815a3ddb7d05d4df1bcd2f3bae35fed485d51",
    "bracket_low": 200,
    "bracket_high": 219
  },
  {
    "timestamp": 1772820051,
    "market_slug": "elon-musk-of-tweets-february-27-march-6-200-219",
    "event_slug": "elon-musk-of-tweets-february-27-march-6",
    "token_id": "19335635848638930006389862370795788468864191936184624295736509993095012014844",
    "outcome": "Yes",
    "side": "SELL",
    "price": 0.999,
    "size": 33.76,
    "transaction_hash": "0xbfa4f22157fccf80e9ad7f55cd7e22df4d337673beed3cf24df10e5c6e89be5c",
    "condition_id": "0x5b45dfd09ee98b5cf5681b2d0ba815a3ddb7d05d4df1bcd2f3bae35fed485d51",
    "bracket_low": 200,
    "bracket_high": 219
  },
  {
    "timestamp": 1772819993,
    "market_slug": "elon-musk-of-tweets-february-27-march-6-200-219",
    "event_slug": "elon-musk-of-tweets-february-27-march-6",
    "token_id": "19335635848638930006389862370795788468864191936184624295736509993095012014844",
    "outcome": "Yes",
    "side": "SELL",
    "price": 0.999,
    "size": 30.43,
    "transaction_hash": "0x50293523ccb496b45f2acf9ab3d418fbbb6e0a6269cf2077db41549d9593b165",
    "condition_id": "0x5b45dfd09ee98b5cf5681b2d0ba815a3ddb7d05d4df1bcd2f3bae35fed485d51",
    "bracket_low": 200,
    "bracket_high": 219
  },
  {
    "timestamp": 1772819879,
    "market_slug": "elon-musk-of-tweets-february-27-march-6-260-279",
    "event_slug": "elon-musk-of-tweets-february-27-march-6",
    "token_id": "90203218968674119363934248901824154007619721561688686867191102445221847568293",
    "outcome": "No",
    "side": "SELL",
    "price": 0.999,
    "size": 4627.58,
    "transaction_hash": "0xd5f9d7db327e80e4318b2255b1109c0a423b7194290e309cdadc6bc0810bcf42",
    "condition_id": "0xf2e0340a9b3c7efc3dc1088f70e8ff851f88745143edc8c4bfdb3583adc3b9b9",
    "bracket_low": 260,
    "bracket_high": 279
  },
  {
    "timestamp": 1772819843,
    "market_slug": "elon-musk-of-tweets-february-27-march-6-200-219",
    "event_slug": "elon-musk-of-tweets-february-27-march-6",
    "token_id": "19335635848638930006389862370795788468864191936184624295736509993095012014844",
    "outcome": "Yes",
    "side": "SELL",
    "price": 0.999,
    "size": 22.72,
    "transaction_hash": "0xe2802ab53090e763564058f6ce6eac60526434999f156b18743df4524c543423",
    "condition_id": "0x5b45dfd09ee98b5cf5681b2d0ba815a3ddb7d05d4df1bcd2f3bae35fed485d51",
    "bracket_low": 200,
    "bracket_high": 219
  },
  {
    "timestamp": 1772819727,
    "market_slug": "elon-musk-of-tweets-february-27-march-6-200-219",
    "event_slug": "elon-musk-of-tweets-february-27-march-6",
    "token_id": "19335635848638930006389862370795788468864191936184624295736509993095012014844",
    "outcome": "Yes",
    "side": "SELL",
    "price": 0.999,
    "size": 29.46,
    "transaction_hash": "0x333f3c2ca76623beffc77bc8504d526d94e32f58422f5fea7a734fb1be43490a",
    "condition_id": "0x5b45dfd09ee98b5cf5681b2d0ba815a3ddb7d05d4df1bcd2f3bae35fed485d51",
    "bracket_low": 200,
    "bracket_high": 219
  },
  {
    "timestamp": 1772819519,
    "market_slug": "elon-musk-of-tweets-february-27-march-6-220-239",
    "event_slug": "elon-musk-of-tweets-february-27-march-6",
    "token_id": "6226558688948207872023014108806008609139824171205301015693623347461096437689",
    "outcome": "No",
    "side": "SELL",
    "price": 0.999,
    "size": 18,
    "transaction_hash": "0xa7e4789f3e294a34c20b1eb69730731f2c5bfe50eb3e40f94c04ec5028e30196",
    "condition_id": "0x47a6e502ccd9fab12e42e4d22d18d561d329e49870a0b0038edd1c7b39d8fa92",
    "bracket_low": 220,
    "bracket_high": 239
  },
  {
    "timestamp": 1772819461,
    "market_slug": "elon-musk-of-tweets-february-27-march-6-240-259",
    "event_slug": "elon-musk-of-tweets-february-27-march-6",
    "token_id": "26898365299311949446420397740288297939018727545963802269678293134583262392617",
    "outcome": "No",
    "side": "SELL",
    "price": 0.999,
    "size": 19,
    "transaction_hash": "0x922bdda81d70dd1b885775e5feb7b99742da1650d4170013d7d9d45c459ec839",
    "condition_id": "0x265162b0230303af84d50e0b63f30128ddec0454214b2b71cbdab550be7c7a42",
    "bracket_low": 240,
    "bracket_high": 259
  },
  {
    "timestamp": 1772819457,
    "market_slug": "elon-musk-of-tweets-february-27-march-6-200-219",
    "event_slug": "elon-musk-of-tweets-february-27-march-6",
    "token_id": "19335635848638930006389862370795788468864191936184624295736509993095012014844",
    "outcome": "Yes",
    "side": "SELL",
    "price": 0.999,
    "size": 14,
    "transaction_hash": "0x8c613002ee222126f8e097905d870c96cc3a765a211a1b17302266156c391107",
    "condition_id": "0x5b45dfd09ee98b5cf5681b2d0ba815a3ddb7d05d4df1bcd2f3bae35fed485d51",
    "bracket_low": 200,
    "bracket_high": 219
  },
  {
    "timestamp": 1772819351,
    "market_slug": "elon-musk-of-tweets-february-27-march-6-200-219",
    "event_slug": "elon-musk-of-tweets-february-27-march-6",
    "token_id": "19335635848638930006389862370795788468864191936184624295736509993095012014844",
    "outcome": "Yes",
    "side": "SELL",
    "price": 0.999,
    "size": 11,
    "transaction_hash": "0x5567084f63fbd22119afd0d16403076e62eb1912d911647055237f37b86ac509",
    "condition_id": "0x5b45dfd09ee98b5cf5681b2d0ba815a3ddb7d05d4df1bcd2f3bae35fed485d51",
    "bracket_low": 200,
    "bracket_high": 219
  },
  {
    "timestamp": 1772819323,
    "market_slug": "elon-musk-of-tweets-february-27-march-6-200-219",
    "event_slug": "elon-musk-of-tweets-february-27-march-6",
    "token_id": "19335635848638930006389862370795788468864191936184624295736509993095012014844",
    "outcome": "Yes",
    "side": "SELL",
    "price": 0.999,
    "size": 550,
    "transaction_hash": "0x165192ab39e5be8fafeeac1f3a7173e31d79241b42020f85e7eea9354c303af7",
    "condition_id": "0x5b45dfd09ee98b5cf5681b2d0ba815a3ddb7d05d4df1bcd2f3bae35fed485d51",
    "bracket_low": 200,
    "bracket_high": 219
  },
  {
    "timestamp": 1772819305,
    "market_slug": "elon-musk-of-tweets-february-27-march-6-200-219",
    "event_slug": "elon-musk-of-tweets-february-27-march-6",
    "token_id": "19335635848638930006389862370795788468864191936184624295736509993095012014844",
    "outcome": "Yes",
    "side": "SELL",
    "price": 0.999,
    "size": 155.02,
    "transaction_hash": "0xe6923b981bb94776dc67c46d55844afd3f466f9389a4abf2b7e92454ba3af89d",
    "condition_id": "0x5b45dfd09ee98b5cf5681b2d0ba815a3ddb7d05d4df1bcd2f3bae35fed485d51",
    "bracket_low": 200,
    "bracket_high": 219
  },
  {
    "timestamp": 1772819103,
    "market_slug": "elon-musk-of-tweets-february-27-march-6-200-219",
    "event_slug": "elon-musk-of-tweets-february-27-march-6",
    "token_id": "19335635848638930006389862370795788468864191936184624295736509993095012014844",
    "outcome": "Yes",
    "side": "SELL",
    "price": 0.999,
    "size": 7.25,
    "transaction_hash": "0xe7493140dd92bdbccf5c2a8a750dc717b0ff17c31a4bfe26324c8c5592e99bf7",
    "condition_id": "0x5b45dfd09ee98b5cf5681b2d0ba815a3ddb7d05d4df1bcd2f3bae35fed485d51",
    "bracket_low": 200,
    "bracket_high": 219
  },
  {
    "timestamp": 1772819095,
    "market_slug": "elon-musk-of-tweets-february-27-march-6-200-219",
    "event_slug": "elon-musk-of-tweets-february-27-march-6",
    "token_id": "19335635848638930006389862370795788468864191936184624295736509993095012014844",
    "outcome": "Yes",
    "side": "SELL",
    "price": 0.999,
    "size": 67.75,
    "transaction_hash": "0xea171d6f5b71e42179837b34f1998c9ad8dece34a7181db1ebbdcb636e49a305",
    "condition_id": "0x5b45dfd09ee98b5cf5681b2d0ba815a3ddb7d05d4df1bcd2f3bae35fed485d51",
    "bracket_low": 200,
    "bracket_high": 219
  },
  {
    "timestamp": 1772819037,
    "market_slug": "elon-musk-of-tweets-february-27-march-6-200-219",
    "event_slug": "elon-musk-of-tweets-february-27-march-6",
    "token_id": "19335635848638930006389862370795788468864191936184624295736509993095012014844",
    "outcome": "Yes",
    "side": "SELL",
    "price": 0.999,
    "size": 5.95,
    "transaction_hash": "0x2813e4baa274f7ed391e964fbefb7a3b817da62c2796023ca5c7c4c43eb6e2fa",
    "condition_id": "0x5b45dfd09ee98b5cf5681b2d0ba815a3ddb7d05d4df1bcd2f3bae35fed485d51",
    "bracket_low": 200,
    "bracket_high": 219
  },
  {
    "timestamp": 1772819021,
    "market_slug": "elon-musk-of-tweets-february-27-march-6-200-219",
    "event_slug": "elon-musk-of-tweets-february-27-march-6",
    "token_id": "19335635848638930006389862370795788468864191936184624295736509993095012014844",
    "outcome": "Yes",
    "side": "SELL",
    "price": 0.999,
    "size": 420,
    "transaction_hash": "0xd76eb758015a35a1bca1e0e91e99a812eb28c8ecfa9b1c03c7179658d541570c",
    "condition_id": "0x5b45dfd09ee98b5cf5681b2d0ba815a3ddb7d05d4df1bcd2f3bae35fed485d51",
    "bracket_low": 200,
    "bracket_high": 219
  },
  {
    "timestamp": 1772818977,
    "market_slug": "elon-musk-of-tweets-february-27-march-6-240-259",
    "event_slug": "elon-musk-of-tweets-february-27-march-6",
    "token_id": "26898365299311949446420397740288297939018727545963802269678293134583262392617",
    "outcome": "No",
    "side": "SELL",
    "price": 0.999,
    "size": 16.15,
    "transaction_hash": "0x576666d7ec7853914d842ca357548033d5ed19e262e2a6599c00f028d6e30db6",
    "condition_id": "0x265162b0230303af84d50e0b63f30128ddec0454214b2b71cbdab550be7c7a42",
    "bracket_low": 240,
    "bracket_high": 259
  },
  {
    "timestamp": 1772818943,
    "market_slug": "elon-musk-of-tweets-february-27-march-6-220-239",
    "event_slug": "elon-musk-of-tweets-february-27-march-6",
    "token_id": "6226558688948207872023014108806008609139824171205301015693623347461096437689",
    "outcome": "No",
    "side": "SELL",
    "price": 0.999,
    "size": 1.04,
    "transaction_hash": "0x5b19b8889999c7b6c938bb2c2a785ae788a493f35a9784d617341b12eabf0f55",
    "condition_id": "0x47a6e502ccd9fab12e42e4d22d18d561d329e49870a0b0038edd1c7b39d8fa92",
    "bracket_low": 220,
    "bracket_high": 239
  },
  {
    "timestamp": 1772818923,
    "market_slug": "elon-musk-of-tweets-february-27-march-6-200-219",
    "event_slug": "elon-musk-of-tweets-february-27-march-6",
    "token_id": "19335635848638930006389862370795788468864191936184624295736509993095012014844",
    "outcome": "Yes",
    "side": "SELL",
    "price": 0.999,
    "size": 5.1,
    "transaction_hash": "0x168b65d9816f302dc531aadaaa045c3a724c1899f688dbbca0607254ac457d20",
    "condition_id": "0x5b45dfd09ee98b5cf5681b2d0ba815a3ddb7d05d4df1bcd2f3bae35fed485d51",
    "bracket_low": 200,
    "bracket_high": 219
  },
  {
    "timestamp": 1772818901,
    "market_slug": "elon-musk-of-tweets-february-27-march-6-240-259",
    "event_slug": "elon-musk-of-tweets-february-27-march-6",
    "token_id": "26898365299311949446420397740288297939018727545963802269678293134583262392617",
    "outcome": "No",
    "side": "SELL",
    "price": 0.999,
    "size": 200.04,
    "transaction_hash": "0x19d0daa492707e84da245ad276fbc307b7f6827ef9bb5e46dfef346677ca8f65",
    "condition_id": "0x265162b0230303af84d50e0b63f30128ddec0454214b2b71cbdab550be7c7a42",
    "bracket_low": 240,
    "bracket_high": 259
  },
  {
    "timestamp": 1772818865,
    "market_slug": "elon-musk-of-tweets-february-27-march-6-200-219",
    "event_slug": "elon-musk-of-tweets-february-27-march-6",
    "token_id": "19335635848638930006389862370795788468864191936184624295736509993095012014844",
    "outcome": "Yes",
    "side": "SELL",
    "price": 0.999,
    "size": 24.29,
    "transaction_hash": "0xe4ee11c6cd3d28c273f3c733911d899e26c0c61e9fa4f9c4edc2c71b4620d888",
    "condition_id": "0x5b45dfd09ee98b5cf5681b2d0ba815a3ddb7d05d4df1bcd2f3bae35fed485d51",
    "bracket_low": 200,
    "bracket_high": 219
  },
  {
    "timestamp": 1772818829,
    "market_slug": "elon-musk-of-tweets-february-27-march-6-200-219",
    "event_slug": "elon-musk-of-tweets-february-27-march-6",
    "token_id": "19335635848638930006389862370795788468864191936184624295736509993095012014844",
    "outcome": "Yes",
    "side": "SELL",
    "price": 0.999,
    "size": 632.44,
    "transaction_hash": "0x6ee836b774e89ab6620f47e7b7c9350e220691b6a45fdb35b63e67430a42c058",
    "condition_id": "0x5b45dfd09ee98b5cf5681b2d0ba815a3ddb7d05d4df1bcd2f3bae35fed485d51",
    "bracket_low": 200,
    "bracket_high": 219
  },
  {
    "timestamp": 1772818825,
    "market_slug": "elon-musk-of-tweets-february-27-march-6-220-239",
    "event_slug": "elon-musk-of-tweets-february-27-march-6",
    "token_id": "6226558688948207872023014108806008609139824171205301015693623347461096437689",
    "outcome": "No",
    "side": "SELL",
    "price": 0.999,
    "size": 20.02,
    "transaction_hash": "0x9efd110e58d144ba11425e0a9ba5f48b1a851a611bdee6c4f9e2614f726ae1fb",
    "condition_id": "0x47a6e502ccd9fab12e42e4d22d18d561d329e49870a0b0038edd1c7b39d8fa92",
    "bracket_low": 220,
    "bracket_high": 239
  },
  {
    "timestamp": 1772818785,
    "market_slug": "elon-musk-of-tweets-february-27-march-6-200-219",
    "event_slug": "elon-musk-of-tweets-february-27-march-6",
    "token_id": "19335635848638930006389862370795788468864191936184624295736509993095012014844",
    "outcome": "Yes",
    "side": "SELL",
    "price": 0.999,
    "size": 12.09,
    "transaction_hash": "0x5c4a613ebe4912e37f7be8f0ae7adebf8c29d0ddcf773113f386638a01bcb5c2",
    "condition_id": "0x5b45dfd09ee98b5cf5681b2d0ba815a3ddb7d05d4df1bcd2f3bae35fed485d51",
    "bracket_low": 200,
    "bracket_high": 219
  },
  {
    "timestamp": 1772818729,
    "market_slug": "elon-musk-of-tweets-february-27-march-6-260-279",
    "event_slug": "elon-musk-of-tweets-february-27-march-6",
    "token_id": "90203218968674119363934248901824154007619721561688686867191102445221847568293",
    "outcome": "No",
    "side": "SELL",
    "price": 0.999,
    "size": 1746.71,
    "transaction_hash": "0x5c6bbdb77522fe9029803891383c0aceff90cdb6165520ebcf5b67724688bb8e",
    "condition_id": "0xf2e0340a9b3c7efc3dc1088f70e8ff851f88745143edc8c4bfdb3583adc3b9b9",
    "bracket_low": 260,
    "bracket_high": 279
  },
  {
    "timestamp": 1772818719,
    "market_slug": "elon-musk-of-tweets-february-27-march-6-200-219",
    "event_slug": "elon-musk-of-tweets-february-27-march-6",
    "token_id": "19335635848638930006389862370795788468864191936184624295736509993095012014844",
    "outcome": "Yes",
    "side": "SELL",
    "price": 0.999,
    "size": 120.81,
    "transaction_hash": "0xbbae0ba5f2e8f80e3841749c2e1f06462288b9923cc1ac1c8424e3af5039a0aa",
    "condition_id": "0x5b45dfd09ee98b5cf5681b2d0ba815a3ddb7d05d4df1bcd2f3bae35fed485d51",
    "bracket_low": 200,
    "bracket_high": 219
  },
  {
    "timestamp": 1772818577,
    "market_slug": "elon-musk-of-tweets-february-27-march-6-220-239",
    "event_slug": "elon-musk-of-tweets-february-27-march-6",
    "token_id": "6226558688948207872023014108806008609139824171205301015693623347461096437689",
    "outcome": "No",
    "side": "SELL",
    "price": 0.999,
    "size": 10.99,
    "transaction_hash": "0x84b407a2875e9ec5cc9abbbee27f1cb2712e8323ac8957c46b450041558a061f",
    "condition_id": "0x47a6e502ccd9fab12e42e4d22d18d561d329e49870a0b0038edd1c7b39d8fa92",
    "bracket_low": 220,
    "bracket_high": 239
  },
  {
    "timestamp": 1772818575,
    "market_slug": "elon-musk-of-tweets-february-27-march-6-200-219",
    "event_slug": "elon-musk-of-tweets-february-27-march-6",
    "token_id": "19335635848638930006389862370795788468864191936184624295736509993095012014844",
    "outcome": "Yes",
    "side": "SELL",
    "price": 0.999,
    "size": 20,
    "transaction_hash": "0xedee8937327184d24a223f68d0c303221414b716fa0883a2771b3b0ed5a0057e",
    "condition_id": "0x5b45dfd09ee98b5cf5681b2d0ba815a3ddb7d05d4df1bcd2f3bae35fed485d51",
    "bracket_low": 200,
    "bracket_high": 219
  },
  {
    "timestamp": 1772818543,
    "market_slug": "elon-musk-of-tweets-february-27-march-6-200-219",
    "event_slug": "elon-musk-of-tweets-february-27-march-6",
    "token_id": "19335635848638930006389862370795788468864191936184624295736509993095012014844",
    "outcome": "Yes",
    "side": "SELL",
    "price": 0.999,
    "size": 1871.89,
    "transaction_hash": "0x6f621060e6ac6e851afb6e68771e5cecec58a66a1355238fe24eea5ab6ac54c2",
    "condition_id": "0x5b45dfd09ee98b5cf5681b2d0ba815a3ddb7d05d4df1bcd2f3bae35fed485d51",
    "bracket_low": 200,
    "bracket_high": 219
  },
  {
    "timestamp": 1772818501,
    "market_slug": "elon-musk-of-tweets-february-27-march-6-200-219",
    "event_slug": "elon-musk-of-tweets-february-27-march-6",
    "token_id": "19335635848638930006389862370795788468864191936184624295736509993095012014844",
    "outcome": "Yes",
    "side": "SELL",
    "price": 0.999,
    "size": 1.97,
    "transaction_hash": "0x99f6e2c442927358717648da0fd2e6d3f54d43d9eeb5e3a0a0e1926576cbe7ca",
    "condition_id": "0x5b45dfd09ee98b5cf5681b2d0ba815a3ddb7d05d4df1bcd2f3bae35fed485d51",
    "bracket_low": 200,
    "bracket_high": 219
  },
  {
    "timestamp": 1772818469,
    "market_slug": "elon-musk-of-tweets-february-27-march-6-200-219",
    "event_slug": "elon-musk-of-tweets-february-27-march-6",
    "token_id": "19335635848638930006389862370795788468864191936184624295736509993095012014844",
    "outcome": "Yes",
    "side": "SELL",
    "price": 0.999,
    "size": 95.65,
    "transaction_hash": "0xe012ec322a550c3b7fbf1d5a57ccc06e23cbd2d7588c257134d5022b4a55f866",
    "condition_id": "0x5b45dfd09ee98b5cf5681b2d0ba815a3ddb7d05d4df1bcd2f3bae35fed485d51",
    "bracket_low": 200,
    "bracket_high": 219
  },
  {
    "timestamp": 1772818401,
    "market_slug": "elon-musk-of-tweets-february-27-march-6-200-219",
    "event_slug": "elon-musk-of-tweets-february-27-march-6",
    "token_id": "19335635848638930006389862370795788468864191936184624295736509993095012014844",
    "outcome": "Yes",
    "side": "SELL",
    "price": 0.999,
    "size": 1.25,
    "transaction_hash": "0x136b6a2ee82b27e4b039859c00f564147d25feb2fe5759b4852a565c057ca04c",
    "condition_id": "0x5b45dfd09ee98b5cf5681b2d0ba815a3ddb7d05d4df1bcd2f3bae35fed485d51",
    "bracket_low": 200,
    "bracket_high": 219
  },
  {
    "timestamp": 1772818387,
    "market_slug": "elon-musk-of-tweets-february-27-march-6-200-219",
    "event_slug": "elon-musk-of-tweets-february-27-march-6",
    "token_id": "19335635848638930006389862370795788468864191936184624295736509993095012014844",
    "outcome": "Yes",
    "side": "SELL",
    "price": 0.999,
    "size": 19.6,
    "transaction_hash": "0xaf2e800ad844a886364537bea5e9e33f0f4eeeba5f6fd64129a44fca3c14e61b",
    "condition_id": "0x5b45dfd09ee98b5cf5681b2d0ba815a3ddb7d05d4df1bcd2f3bae35fed485d51",
    "bracket_low": 200,
    "bracket_high": 219
  },
  {
    "timestamp": 1772818381,
    "market_slug": "elon-musk-of-tweets-february-27-march-6-220-239",
    "event_slug": "elon-musk-of-tweets-february-27-march-6",
    "token_id": "6226558688948207872023014108806008609139824171205301015693623347461096437689",
    "outcome": "No",
    "side": "SELL",
    "price": 0.999,
    "size": 50,
    "transaction_hash": "0x7401a055782c83cf7d0918a442baa1fea959739375b668fc2992ada16d7ae6c6",
    "condition_id": "0x47a6e502ccd9fab12e42e4d22d18d561d329e49870a0b0038edd1c7b39d8fa92",
    "bracket_low": 220,
    "bracket_high": 239
  },
  {
    "timestamp": 1772818365,
    "market_slug": "elon-musk-of-tweets-february-27-march-6-200-219",
    "event_slug": "elon-musk-of-tweets-february-27-march-6",
    "token_id": "19335635848638930006389862370795788468864191936184624295736509993095012014844",
    "outcome": "Yes",
    "side": "SELL",
    "price": 0.999,
    "size": 6.81,
    "transaction_hash": "0xae97ce4612dda5a1f8df84b8799fccc2860d9d0a9cf1ea5a168fc61911423762",
    "condition_id": "0x5b45dfd09ee98b5cf5681b2d0ba815a3ddb7d05d4df1bcd2f3bae35fed485d51",
    "bracket_low": 200,
    "bracket_high": 219
  },
  {
    "timestamp": 1772818361,
    "market_slug": "elon-musk-of-tweets-february-27-march-6-200-219",
    "event_slug": "elon-musk-of-tweets-february-27-march-6",
    "token_id": "19335635848638930006389862370795788468864191936184624295736509993095012014844",
    "outcome": "Yes",
    "side": "SELL",
    "price": 0.999,
    "size": 50,
    "transaction_hash": "0xcac924ea528135fe73f72f399e815fc7ea9341e67eaa400689935bdfccabc18e",
    "condition_id": "0x5b45dfd09ee98b5cf5681b2d0ba815a3ddb7d05d4df1bcd2f3bae35fed485d51",
    "bracket_low": 200,
    "bracket_high": 219
  },
  {
    "timestamp": 1772818331,
    "market_slug": "elon-musk-of-tweets-february-27-march-6-260-279",
    "event_slug": "elon-musk-of-tweets-february-27-march-6",
    "token_id": "90203218968674119363934248901824154007619721561688686867191102445221847568293",
    "outcome": "No",
    "side": "SELL",
    "price": 0.999,
    "size": 50,
    "transaction_hash": "0x61fea51d1957dad967b12d664ac095802c150d3dabe69f97e60de8ae6bff1549",
    "condition_id": "0xf2e0340a9b3c7efc3dc1088f70e8ff851f88745143edc8c4bfdb3583adc3b9b9",
    "bracket_low": 260,
    "bracket_high": 279
  },
  {
    "timestamp": 1772818291,
    "market_slug": "elon-musk-of-tweets-february-27-march-6-360-379",
    "event_slug": "elon-musk-of-tweets-february-27-march-6",
    "token_id": "18982159590058386054897285218187623085446793571157732449319832216296667589868",
    "outcome": "No",
    "side": "SELL",
    "price": 0.999,
    "size": 16.42,
    "transaction_hash": "0xf3f4387ae189868149c9a7a8293748e529280da03d2bd6960d21da0d7c61e0e1",
    "condition_id": "0x730c15d86e3bf022cb3823ce0baf6f5a97eb511a7fcaa83f7e3c8931a6b8b144",
    "bracket_low": 360,
    "bracket_high": 379
  },
  {
    "timestamp": 1772818183,
    "market_slug": "elon-musk-of-tweets-february-27-march-6-200-219",
    "event_slug": "elon-musk-of-tweets-february-27-march-6",
    "token_id": "19335635848638930006389862370795788468864191936184624295736509993095012014844",
    "outcome": "Yes",
    "side": "SELL",
    "price": 0.999,
    "size": 26.12,
    "transaction_hash": "0x9a590c178b9e4e71fc2ba2476c8abf021f30e2d3ded0faf1b05ef2aa1825d47d",
    "condition_id": "0x5b45dfd09ee98b5cf5681b2d0ba815a3ddb7d05d4df1bcd2f3bae35fed485d51",
    "bracket_low": 200,
    "bracket_high": 219
  },
  {
    "timestamp": 1772818137,
    "market_slug": "elon-musk-of-tweets-february-27-march-6-200-219",
    "event_slug": "elon-musk-of-tweets-february-27-march-6",
    "token_id": "19335635848638930006389862370795788468864191936184624295736509993095012014844",
    "outcome": "Yes",
    "side": "SELL",
    "price": 0.999,
    "size": 65.32,
    "transaction_hash": "0x04d2ec32db1490b30b57318fd252ae69d19ac5369249b5624dc379a11d82d22f",
    "condition_id": "0x5b45dfd09ee98b5cf5681b2d0ba815a3ddb7d05d4df1bcd2f3bae35fed485d51",
    "bracket_low": 200,
    "bracket_high": 219
  },
  {
    "timestamp": 1772818085,
    "market_slug": "elon-musk-of-tweets-february-27-march-6-200-219",
    "event_slug": "elon-musk-of-tweets-february-27-march-6",
    "token_id": "19335635848638930006389862370795788468864191936184624295736509993095012014844",
    "outcome": "Yes",
    "side": "SELL",
    "price": 0.999,
    "size": 50,
    "transaction_hash": "0x412b92a99d082cbf26b6c212a3d25669e7a3bf852175d1ef2f4908bcdad2bdc6",
    "condition_id": "0x5b45dfd09ee98b5cf5681b2d0ba815a3ddb7d05d4df1bcd2f3bae35fed485d51",
    "bracket_low": 200,
    "bracket_high": 219
  },
  {
    "timestamp": 1772818065,
    "market_slug": "elon-musk-of-tweets-february-27-march-6-200-219",
    "event_slug": "elon-musk-of-tweets-february-27-march-6",
    "token_id": "19335635848638930006389862370795788468864191936184624295736509993095012014844",
    "outcome": "Yes",
    "side": "SELL",
    "price": 0.999,
    "size": 10,
    "transaction_hash": "0xdc4b7ee750c60e316c6faa9113fbbe644b6886aa2f4b1e5d505f4b2820e28d1e",
    "condition_id": "0x5b45dfd09ee98b5cf5681b2d0ba815a3ddb7d05d4df1bcd2f3bae35fed485d51",
    "bracket_low": 200,
    "bracket_high": 219
  },
  {
    "timestamp": 1772818053,
    "market_slug": "elon-musk-of-tweets-february-27-march-6-200-219",
    "event_slug": "elon-musk-of-tweets-february-27-march-6",
    "token_id": "19335635848638930006389862370795788468864191936184624295736509993095012014844",
    "outcome": "Yes",
    "side": "SELL",
    "price": 0.999,
    "size": 6.75,
    "transaction_hash": "0x0aa3abc10e3ab206acd39fbb6d35a25f5e383d94ebc8e3c1cf9313c2faf62ab6",
    "condition_id": "0x5b45dfd09ee98b5cf5681b2d0ba815a3ddb7d05d4df1bcd2f3bae35fed485d51",
    "bracket_low": 200,
    "bracket_high": 219
  },
  {
    "timestamp": 1772818003,
    "market_slug": "elon-musk-of-tweets-february-27-march-6-200-219",
    "event_slug": "elon-musk-of-tweets-february-27-march-6",
    "token_id": "19335635848638930006389862370795788468864191936184624295736509993095012014844",
    "outcome": "Yes",
    "side": "SELL",
    "price": 0.999,
    "size": 1789.47,
    "transaction_hash": "0x73c4e235aaaffef5f9a3eedb13171443d08f9419e3e31aad0636b0614ea83835",
    "condition_id": "0x5b45dfd09ee98b5cf5681b2d0ba815a3ddb7d05d4df1bcd2f3bae35fed485d51",
    "bracket_low": 200,
    "bracket_high": 219
  },
  {
    "timestamp": 1772817995,
    "market_slug": "elon-musk-of-tweets-february-27-march-6-240-259",
    "event_slug": "elon-musk-of-tweets-february-27-march-6",
    "token_id": "26898365299311949446420397740288297939018727545963802269678293134583262392617",
    "outcome": "No",
    "side": "SELL",
    "price": 0.999,
    "size": 10.02,
    "transaction_hash": "0xb0df5fb669f732e48d443088e15e3b194d8bfbc13234d663517174a83151b9b4",
    "condition_id": "0x265162b0230303af84d50e0b63f30128ddec0454214b2b71cbdab550be7c7a42",
    "bracket_low": 240,
    "bracket_high": 259
  },
  {
    "timestamp": 1772817777,
    "market_slug": "elon-musk-of-tweets-february-27-march-6-200-219",
    "event_slug": "elon-musk-of-tweets-february-27-march-6",
    "token_id": "19335635848638930006389862370795788468864191936184624295736509993095012014844",
    "outcome": "Yes",
    "side": "SELL",
    "price": 0.999,
    "size": 87.26,
    "transaction_hash": "0xedd6d6724885a67e12d679b01695da8ace16bcf28be590a41037b427728e199f",
    "condition_id": "0x5b45dfd09ee98b5cf5681b2d0ba815a3ddb7d05d4df1bcd2f3bae35fed485d51",
    "bracket_low": 200,
    "bracket_high": 219
  },
  {
    "timestamp": 1772817775,
    "market_slug": "elon-musk-of-tweets-february-27-march-6-200-219",
    "event_slug": "elon-musk-of-tweets-february-27-march-6",
    "token_id": "19335635848638930006389862370795788468864191936184624295736509993095012014844",
    "outcome": "Yes",
    "side": "SELL",
    "price": 0.999,
    "size": 18.35,
    "transaction_hash": "0xd785c060c8868757004f4c5adcc1863610aada608a085d843ad3845835bfac24",
    "condition_id": "0x5b45dfd09ee98b5cf5681b2d0ba815a3ddb7d05d4df1bcd2f3bae35fed485d51",
    "bracket_low": 200,
    "bracket_high": 219
  },
  {
    "timestamp": 1772817763,
    "market_slug": "elon-musk-of-tweets-february-27-march-6-200-219",
    "event_slug": "elon-musk-of-tweets-february-27-march-6",
    "token_id": "19335635848638930006389862370795788468864191936184624295736509993095012014844",
    "outcome": "Yes",
    "side": "SELL",
    "price": 0.999,
    "size": 45.5,
    "transaction_hash": "0x9122f8e80a29d96fd0e9b95580dac7c40793a8190cfacc5ee00697cffee5d076",
    "condition_id": "0x5b45dfd09ee98b5cf5681b2d0ba815a3ddb7d05d4df1bcd2f3bae35fed485d51",
    "bracket_low": 200,
    "bracket_high": 219
  },
  {
    "timestamp": 1772817759,
    "market_slug": "elon-musk-of-tweets-february-27-march-6-200-219",
    "event_slug": "elon-musk-of-tweets-february-27-march-6",
    "token_id": "19335635848638930006389862370795788468864191936184624295736509993095012014844",
    "outcome": "Yes",
    "side": "SELL",
    "price": 0.999,
    "size": 16,
    "transaction_hash": "0x87c9d65790fb768b255869d89c5d402610f986876848efb0688bf1b14839d7f5",
    "condition_id": "0x5b45dfd09ee98b5cf5681b2d0ba815a3ddb7d05d4df1bcd2f3bae35fed485d51",
    "bracket_low": 200,
    "bracket_high": 219
  },
  {
    "timestamp": 1772817573,
    "market_slug": "elon-musk-of-tweets-february-27-march-6-200-219",
    "event_slug": "elon-musk-of-tweets-february-27-march-6",
    "token_id": "19335635848638930006389862370795788468864191936184624295736509993095012014844",
    "outcome": "Yes",
    "side": "SELL",
    "price": 0.999,
    "size": 45.59,
    "transaction_hash": "0x890e2c8035c6bc96456c8333f13f6853b9ae5bd8319480911d319a6ea23edf9f",
    "condition_id": "0x5b45dfd09ee98b5cf5681b2d0ba815a3ddb7d05d4df1bcd2f3bae35fed485d51",
    "bracket_low": 200,
    "bracket_high": 219
  },
  {
    "timestamp": 1772817479,
    "market_slug": "elon-musk-of-tweets-february-27-march-6-200-219",
    "event_slug": "elon-musk-of-tweets-february-27-march-6",
    "token_id": "19335635848638930006389862370795788468864191936184624295736509993095012014844",
    "outcome": "Yes",
    "side": "SELL",
    "price": 0.999,
    "size": 70,
    "transaction_hash": "0xfdd034d7d997a358019d15a44bdf7c0c4683921e216dd5429fac7b6a6e65db7a",
    "condition_id": "0x5b45dfd09ee98b5cf5681b2d0ba815a3ddb7d05d4df1bcd2f3bae35fed485d51",
    "bracket_low": 200,
    "bracket_high": 219
  },
  {
    "timestamp": 1772817421,
    "market_slug": "elon-musk-of-tweets-february-27-march-6-200-219",
    "event_slug": "elon-musk-of-tweets-february-27-march-6",
    "token_id": "19335635848638930006389862370795788468864191936184624295736509993095012014844",
    "outcome": "Yes",
    "side": "SELL",
    "price": 0.999,
    "size": 19.16,
    "transaction_hash": "0x5352fae8dca535be7c0ecf6f5ea9faa71ac6c57469edd84e3ea7236a2b9bc8b7",
    "condition_id": "0x5b45dfd09ee98b5cf5681b2d0ba815a3ddb7d05d4df1bcd2f3bae35fed485d51",
    "bracket_low": 200,
    "bracket_high": 219
  },
  {
    "timestamp": 1772817419,
    "market_slug": "elon-musk-of-tweets-february-27-march-6-200-219",
    "event_slug": "elon-musk-of-tweets-february-27-march-6",
    "token_id": "19335635848638930006389862370795788468864191936184624295736509993095012014844",
    "outcome": "Yes",
    "side": "SELL",
    "price": 0.999,
    "size": 1.85,
    "transaction_hash": "0xf92454cffbecbd7c45e1d44bcc2131dacf9f798e8e846809fb466ff15b144d7b",
    "condition_id": "0x5b45dfd09ee98b5cf5681b2d0ba815a3ddb7d05d4df1bcd2f3bae35fed485d51",
    "bracket_low": 200,
    "bracket_high": 219
  },
  {
    "timestamp": 1772817271,
    "market_slug": "elon-musk-of-tweets-february-27-march-6-200-219",
    "event_slug": "elon-musk-of-tweets-february-27-march-6",
    "token_id": "19335635848638930006389862370795788468864191936184624295736509993095012014844",
    "outcome": "Yes",
    "side": "SELL",
    "price": 0.999,
    "size": 2.01,
    "transaction_hash": "0xd67b00f8e2258b61116f5e4f7d81c10e9de454b5804748cf2b1442960bb82f3c",
    "condition_id": "0x5b45dfd09ee98b5cf5681b2d0ba815a3ddb7d05d4df1bcd2f3bae35fed485d51",
    "bracket_low": 200,
    "bracket_high": 219
  },
  {
    "timestamp": 1772817271,
    "market_slug": "elon-musk-of-tweets-february-27-march-6-200-219",
    "event_slug": "elon-musk-of-tweets-february-27-march-6",
    "token_id": "19335635848638930006389862370795788468864191936184624295736509993095012014844",
    "outcome": "Yes",
    "side": "SELL",
    "price": 0.999,
    "size": 12.93,
    "transaction_hash": "0xaf395732d739a4c5fef4c6ff1863ab8c0a881aa6ae8e4cc1a6d092a88b3190b4",
    "condition_id": "0x5b45dfd09ee98b5cf5681b2d0ba815a3ddb7d05d4df1bcd2f3bae35fed485d51",
    "bracket_low": 200,
    "bracket_high": 219
  },
  {
    "timestamp": 1772817225,
    "market_slug": "elon-musk-of-tweets-february-27-march-6-220-239",
    "event_slug": "elon-musk-of-tweets-february-27-march-6",
    "token_id": "6226558688948207872023014108806008609139824171205301015693623347461096437689",
    "outcome": "No",
    "side": "SELL",
    "price": 0.999,
    "size": 166.11,
    "transaction_hash": "0x61359be962aad7ec0552b789d42dd61f84e6ca2c4b2f79cbb7e60af8494d5583",
    "condition_id": "0x47a6e502ccd9fab12e42e4d22d18d561d329e49870a0b0038edd1c7b39d8fa92",
    "bracket_low": 220,
    "bracket_high": 239
  },
  {
    "timestamp": 1772817215,
    "market_slug": "elon-musk-of-tweets-february-27-march-6-200-219",
    "event_slug": "elon-musk-of-tweets-february-27-march-6",
    "token_id": "19335635848638930006389862370795788468864191936184624295736509993095012014844",
    "outcome": "Yes",
    "side": "SELL",
    "price": 0.999,
    "size": 3.77,
    "transaction_hash": "0xaf1d8ec9a1b717ac5919511cb61fe0d38abf51c6e2acd9a393a56c3a3bf6bafb",
    "condition_id": "0x5b45dfd09ee98b5cf5681b2d0ba815a3ddb7d05d4df1bcd2f3bae35fed485d51",
    "bracket_low": 200,
    "bracket_high": 219
  },
  {
    "timestamp": 1772817199,
    "market_slug": "elon-musk-of-tweets-february-27-march-6-220-239",
    "event_slug": "elon-musk-of-tweets-february-27-march-6",
    "token_id": "6226558688948207872023014108806008609139824171205301015693623347461096437689",
    "outcome": "No",
    "side": "SELL",
    "price": 0.999,
    "size": 441.35,
    "transaction_hash": "0x6b815a1babf3612d0297f2c9e6ad4d977e85be25176e8e413c7c21bc9f079d16",
    "condition_id": "0x47a6e502ccd9fab12e42e4d22d18d561d329e49870a0b0038edd1c7b39d8fa92",
    "bracket_low": 220,
    "bracket_high": 239
  },
  {
    "timestamp": 1772817145,
    "market_slug": "elon-musk-of-tweets-february-27-march-6-200-219",
    "event_slug": "elon-musk-of-tweets-february-27-march-6",
    "token_id": "19335635848638930006389862370795788468864191936184624295736509993095012014844",
    "outcome": "Yes",
    "side": "SELL",
    "price": 0.999,
    "size": 360.24,
    "transaction_hash": "0xf57f6de04180e84d12ec8df47bdc815bf38efd5e663193bb3c1dc25c33e38b51",
    "condition_id": "0x5b45dfd09ee98b5cf5681b2d0ba815a3ddb7d05d4df1bcd2f3bae35fed485d51",
    "bracket_low": 200,
    "bracket_high": 219
  },
  {
    "timestamp": 1772817131,
    "market_slug": "elon-musk-of-tweets-february-27-march-6-200-219",
    "event_slug": "elon-musk-of-tweets-february-27-march-6",
    "token_id": "112537663018197374694617069143327483053644124983075964396702735764715317003738",
    "outcome": "No",
    "side": "BUY",
    "price": 0.001,
    "size": 10000,
    "transaction_hash": "0xac9ad878b9a6a9c0f2ea265cc9948f47c5393cf027b231c691560a04585aecf3",
    "condition_id": "0x5b45dfd09ee98b5cf5681b2d0ba815a3ddb7d05d4df1bcd2f3bae35fed485d51",
    "bracket_low": 200,
    "bracket_high": 219
  },
  {
    "timestamp": 1772817115,
    "market_slug": "elon-musk-of-tweets-february-27-march-6-200-219",
    "event_slug": "elon-musk-of-tweets-february-27-march-6",
    "token_id": "19335635848638930006389862370795788468864191936184624295736509993095012014844",
    "outcome": "Yes",
    "side": "SELL",
    "price": 0.999,
    "size": 17.39,
    "transaction_hash": "0x9f898359f5dd631abafaeedb6d5b15f760a9a6eb8d1eefd3747790729de55b7c",
    "condition_id": "0x5b45dfd09ee98b5cf5681b2d0ba815a3ddb7d05d4df1bcd2f3bae35fed485d51",
    "bracket_low": 200,
    "bracket_high": 219
  },
  {
    "timestamp": 1772817107,
    "market_slug": "elon-musk-of-tweets-february-27-march-6-200-219",
    "event_slug": "elon-musk-of-tweets-february-27-march-6",
    "token_id": "19335635848638930006389862370795788468864191936184624295736509993095012014844",
    "outcome": "Yes",
    "side": "SELL",
    "price": 0.999,
    "size": 1099.98,
    "transaction_hash": "0x12fcf105ed91acdd5307511a981ad2a74b3d6854610b9e5b2850d8fb3d32d632",
    "condition_id": "0x5b45dfd09ee98b5cf5681b2d0ba815a3ddb7d05d4df1bcd2f3bae35fed485d51",
    "bracket_low": 200,
    "bracket_high": 219
  },
  {
    "timestamp": 1772817103,
    "market_slug": "elon-musk-of-tweets-february-27-march-6-200-219",
    "event_slug": "elon-musk-of-tweets-february-27-march-6",
    "token_id": "19335635848638930006389862370795788468864191936184624295736509993095012014844",
    "outcome": "Yes",
    "side": "SELL",
    "price": 0.999,
    "size": 34.26,
    "transaction_hash": "0x2dbc84afce106643a90ce2617ad9aa7a858e6867a239b66c8320864024033c1f",
    "condition_id": "0x5b45dfd09ee98b5cf5681b2d0ba815a3ddb7d05d4df1bcd2f3bae35fed485d51",
    "bracket_low": 200,
    "bracket_high": 219
  },
  {
    "timestamp": 1772817083,
    "market_slug": "elon-musk-of-tweets-february-27-march-6-200-219",
    "event_slug": "elon-musk-of-tweets-february-27-march-6",
    "token_id": "19335635848638930006389862370795788468864191936184624295736509993095012014844",
    "outcome": "Yes",
    "side": "SELL",
    "price": 0.999,
    "size": 53.69,
    "transaction_hash": "0xcf834e38f643c4a90a1e12d6d6f2b591585c201af1cbf9d5951631d734d1aea0",
    "condition_id": "0x5b45dfd09ee98b5cf5681b2d0ba815a3ddb7d05d4df1bcd2f3bae35fed485d51",
    "bracket_low": 200,
    "bracket_high": 219
  },
  {
    "timestamp": 1772817077,
    "market_slug": "elon-musk-of-tweets-february-27-march-6-200-219",
    "event_slug": "elon-musk-of-tweets-february-27-march-6",
    "token_id": "19335635848638930006389862370795788468864191936184624295736509993095012014844",
    "outcome": "Yes",
    "side": "SELL",
    "price": 0.999,
    "size": 119.7,
    "transaction_hash": "0xc51572a2409c72465c694c0c417d531a14bbedb56acbc5dc9b6c53968d97bb80",
    "condition_id": "0x5b45dfd09ee98b5cf5681b2d0ba815a3ddb7d05d4df1bcd2f3bae35fed485d51",
    "bracket_low": 200,
    "bracket_high": 219
  },
  {
    "timestamp": 1772817055,
    "market_slug": "elon-musk-of-tweets-february-27-march-6-220-239",
    "event_slug": "elon-musk-of-tweets-february-27-march-6",
    "token_id": "6226558688948207872023014108806008609139824171205301015693623347461096437689",
    "outcome": "No",
    "side": "SELL",
    "price": 0.999,
    "size": 2.22,
    "transaction_hash": "0xc9803abe95fd08ea661ac93538811c8a22b4019d6c9e7fd6fe8c90ade719e2b1",
    "condition_id": "0x47a6e502ccd9fab12e42e4d22d18d561d329e49870a0b0038edd1c7b39d8fa92",
    "bracket_low": 220,
    "bracket_high": 239
  },
  {
    "timestamp": 1772817029,
    "market_slug": "elon-musk-of-tweets-february-27-march-6-200-219",
    "event_slug": "elon-musk-of-tweets-february-27-march-6",
    "token_id": "19335635848638930006389862370795788468864191936184624295736509993095012014844",
    "outcome": "Yes",
    "side": "SELL",
    "price": 0.999,
    "size": 42.02,
    "transaction_hash": "0x79cf794d5550ba2edfbda4e5b6751bb3ba6cc27e511aa5c3c4a23d004933955c",
    "condition_id": "0x5b45dfd09ee98b5cf5681b2d0ba815a3ddb7d05d4df1bcd2f3bae35fed485d51",
    "bracket_low": 200,
    "bracket_high": 219
  },
  {
    "timestamp": 1772817023,
    "market_slug": "elon-musk-of-tweets-february-27-march-6-200-219",
    "event_slug": "elon-musk-of-tweets-february-27-march-6",
    "token_id": "19335635848638930006389862370795788468864191936184624295736509993095012014844",
    "outcome": "Yes",
    "side": "SELL",
    "price": 0.999,
    "size": 29.41,
    "transaction_hash": "0x828d00867e517cb41ab417b2c706c2cf8744c0e94c9aa22e3daf644764396206",
    "condition_id": "0x5b45dfd09ee98b5cf5681b2d0ba815a3ddb7d05d4df1bcd2f3bae35fed485d51",
    "bracket_low": 200,
    "bracket_high": 219
  },
  {
    "timestamp": 1772817013,
    "market_slug": "elon-musk-of-tweets-february-27-march-6-200-219",
    "event_slug": "elon-musk-of-tweets-february-27-march-6",
    "token_id": "19335635848638930006389862370795788468864191936184624295736509993095012014844",
    "outcome": "Yes",
    "side": "SELL",
    "price": 0.999,
    "size": 1075.42,
    "transaction_hash": "0x659e87703615732a7fa78992b8468108bed943e8f9ce7f05f521fa475bc982c1",
    "condition_id": "0x5b45dfd09ee98b5cf5681b2d0ba815a3ddb7d05d4df1bcd2f3bae35fed485d51",
    "bracket_low": 200,
    "bracket_high": 219
  },
  {
    "timestamp": 1772817003,
    "market_slug": "elon-musk-of-tweets-february-27-march-6-200-219",
    "event_slug": "elon-musk-of-tweets-february-27-march-6",
    "token_id": "19335635848638930006389862370795788468864191936184624295736509993095012014844",
    "outcome": "Yes",
    "side": "SELL",
    "price": 0.999,
    "size": 18.51,
    "transaction_hash": "0x68ceefa4c14f3face19ec898c1820c471c122bad45f0b19b8ae40a331c0a49ef",
    "condition_id": "0x5b45dfd09ee98b5cf5681b2d0ba815a3ddb7d05d4df1bcd2f3bae35fed485d51",
    "bracket_low": 200,
    "bracket_high": 219
  },
  {
    "timestamp": 1772816989,
    "market_slug": "elon-musk-of-tweets-february-27-march-6-240-259",
    "event_slug": "elon-musk-of-tweets-february-27-march-6",
    "token_id": "26898365299311949446420397740288297939018727545963802269678293134583262392617",
    "outcome": "No",
    "side": "SELL",
    "price": 0.999,
    "size": 10.12,
    "transaction_hash": "0x1b6aab5c2c4649be7ff336ce5641ddcd3e9eb35ae61c795aa8acfbc666d82db2",
    "condition_id": "0x265162b0230303af84d50e0b63f30128ddec0454214b2b71cbdab550be7c7a42",
    "bracket_low": 240,
    "bracket_high": 259
  },
  {
    "timestamp": 1772816975,
    "market_slug": "elon-musk-of-tweets-february-27-march-6-220-239",
    "event_slug": "elon-musk-of-tweets-february-27-march-6",
    "token_id": "6226558688948207872023014108806008609139824171205301015693623347461096437689",
    "outcome": "No",
    "side": "SELL",
    "price": 0.999,
    "size": 10.34,
    "transaction_hash": "0xe43a72bb98407bb3eb8e6848700e5f29116776f8e659c5567bd25f618972073f",
    "condition_id": "0x47a6e502ccd9fab12e42e4d22d18d561d329e49870a0b0038edd1c7b39d8fa92",
    "bracket_low": 220,
    "bracket_high": 239
  },
  {
    "timestamp": 1772816949,
    "market_slug": "elon-musk-of-tweets-february-27-march-6-200-219",
    "event_slug": "elon-musk-of-tweets-february-27-march-6",
    "token_id": "19335635848638930006389862370795788468864191936184624295736509993095012014844",
    "outcome": "Yes",
    "side": "SELL",
    "price": 0.999,
    "size": 2.37,
    "transaction_hash": "0x006f04dbcad65f4a1b18547125f1774c8bd2e753dcec8f980ced5a0150c35579",
    "condition_id": "0x5b45dfd09ee98b5cf5681b2d0ba815a3ddb7d05d4df1bcd2f3bae35fed485d51",
    "bracket_low": 200,
    "bracket_high": 219
  },
  {
    "timestamp": 1772816937,
    "market_slug": "elon-musk-of-tweets-february-27-march-6-200-219",
    "event_slug": "elon-musk-of-tweets-february-27-march-6",
    "token_id": "19335635848638930006389862370795788468864191936184624295736509993095012014844",
    "outcome": "Yes",
    "side": "SELL",
    "price": 0.999,
    "size": 101.69,
    "transaction_hash": "0xfda26e3c3e7d9f3e47e7be1640fc3948242077af5b2019ada75d8be6799717cd",
    "condition_id": "0x5b45dfd09ee98b5cf5681b2d0ba815a3ddb7d05d4df1bcd2f3bae35fed485d51",
    "bracket_low": 200,
    "bracket_high": 219
  },
  {
    "timestamp": 1772816921,
    "market_slug": "elon-musk-of-tweets-february-27-march-6-200-219",
    "event_slug": "elon-musk-of-tweets-february-27-march-6",
    "token_id": "19335635848638930006389862370795788468864191936184624295736509993095012014844",
    "outcome": "Yes",
    "side": "SELL",
    "price": 0.999,
    "size": 56.17,
    "transaction_hash": "0x148b932e239a117699c38c95607149c3b9d873f3ff7fb30a2c36a4a51b36acca",
    "condition_id": "0x5b45dfd09ee98b5cf5681b2d0ba815a3ddb7d05d4df1bcd2f3bae35fed485d51",
    "bracket_low": 200,
    "bracket_high": 219
  },
  {
    "timestamp": 1772816899,
    "market_slug": "elon-musk-of-tweets-february-27-march-6-200-219",
    "event_slug": "elon-musk-of-tweets-february-27-march-6",
    "token_id": "19335635848638930006389862370795788468864191936184624295736509993095012014844",
    "outcome": "Yes",
    "side": "SELL",
    "price": 0.999,
    "size": 115.28,
    "transaction_hash": "0xc71c66810b12f8b0d465195a7025485aec286606369db34f8e4e955607f544fc",
    "condition_id": "0x5b45dfd09ee98b5cf5681b2d0ba815a3ddb7d05d4df1bcd2f3bae35fed485d51",
    "bracket_low": 200,
    "bracket_high": 219
  },
  {
    "timestamp": 1772816857,
    "market_slug": "elon-musk-of-tweets-february-27-march-6-220-239",
    "event_slug": "elon-musk-of-tweets-february-27-march-6",
    "token_id": "6226558688948207872023014108806008609139824171205301015693623347461096437689",
    "outcome": "No",
    "side": "SELL",
    "price": 0.999,
    "size": 87.37,
    "transaction_hash": "0x8d22bce17040e521396f33026f39e2e80000ec67de9069a52815d39bbb8469c5",
    "condition_id": "0x47a6e502ccd9fab12e42e4d22d18d561d329e49870a0b0038edd1c7b39d8fa92",
    "bracket_low": 220,
    "bracket_high": 239
  },
  {
    "timestamp": 1772816831,
    "market_slug": "elon-musk-of-tweets-february-27-march-6-200-219",
    "event_slug": "elon-musk-of-tweets-february-27-march-6",
    "token_id": "19335635848638930006389862370795788468864191936184624295736509993095012014844",
    "outcome": "Yes",
    "side": "SELL",
    "price": 0.999,
    "size": 3.04,
    "transaction_hash": "0xb27dbcf3261f8eabcac7b0245dd55cff3218c069e141bb10f0ec54642ed43c07",
    "condition_id": "0x5b45dfd09ee98b5cf5681b2d0ba815a3ddb7d05d4df1bcd2f3bae35fed485d51",
    "bracket_low": 200,
    "bracket_high": 219
  },
  {
    "timestamp": 1772816827,
    "market_slug": "elon-musk-of-tweets-february-27-march-6-200-219",
    "event_slug": "elon-musk-of-tweets-february-27-march-6",
    "token_id": "19335635848638930006389862370795788468864191936184624295736509993095012014844",
    "outcome": "Yes",
    "side": "SELL",
    "price": 0.999,
    "size": 11.95,
    "transaction_hash": "0x1154d0b00e2fdfb224f42a99923187cc57c730aa2268ef04dcb96ac1236a525f",
    "condition_id": "0x5b45dfd09ee98b5cf5681b2d0ba815a3ddb7d05d4df1bcd2f3bae35fed485d51",
    "bracket_low": 200,
    "bracket_high": 219
  },
  {
    "timestamp": 1772816817,
    "market_slug": "elon-musk-of-tweets-february-27-march-6-200-219",
    "event_slug": "elon-musk-of-tweets-february-27-march-6",
    "token_id": "19335635848638930006389862370795788468864191936184624295736509993095012014844",
    "outcome": "Yes",
    "side": "SELL",
    "price": 0.999,
    "size": 230.01,
    "transaction_hash": "0x99ecce5f224137f0d92fd25d5e2495488e311c51cff583f01a209d6078248f87",
    "condition_id": "0x5b45dfd09ee98b5cf5681b2d0ba815a3ddb7d05d4df1bcd2f3bae35fed485d51",
    "bracket_low": 200,
    "bracket_high": 219
  },
  {
    "timestamp": 1772816805,
    "market_slug": "elon-musk-of-tweets-february-27-march-6-200-219",
    "event_slug": "elon-musk-of-tweets-february-27-march-6",
    "token_id": "19335635848638930006389862370795788468864191936184624295736509993095012014844",
    "outcome": "Yes",
    "side": "SELL",
    "price": 0.999,
    "size": 43.67,
    "transaction_hash": "0xa6ff2d5b8066da95185fc99c8010ededa87b7a6dfee999983d2f0cf70922af06",
    "condition_id": "0x5b45dfd09ee98b5cf5681b2d0ba815a3ddb7d05d4df1bcd2f3bae35fed485d51",
    "bracket_low": 200,
    "bracket_high": 219
  },
  {
    "timestamp": 1772816781,
    "market_slug": "elon-musk-of-tweets-february-27-march-6-220-239",
    "event_slug": "elon-musk-of-tweets-february-27-march-6",
    "token_id": "6226558688948207872023014108806008609139824171205301015693623347461096437689",
    "outcome": "No",
    "side": "SELL",
    "price": 0.999,
    "size": 51.07,
    "transaction_hash": "0x7e5cd7e3d30e2ed2b7ede92d813acd4e3e988dd013e4700773b6b6ee814b3e0c",
    "condition_id": "0x47a6e502ccd9fab12e42e4d22d18d561d329e49870a0b0038edd1c7b39d8fa92",
    "bracket_low": 220,
    "bracket_high": 239
  },
  {
    "timestamp": 1772816779,
    "market_slug": "elon-musk-of-tweets-february-27-march-6-220-239",
    "event_slug": "elon-musk-of-tweets-february-27-march-6",
    "token_id": "6226558688948207872023014108806008609139824171205301015693623347461096437689",
    "outcome": "No",
    "side": "SELL",
    "price": 0.999,
    "size": 6.02,
    "transaction_hash": "0x67989232fa981ca8b504a20c569186ab8f9e5b312093ae624fb55bab8c8b8a4d",
    "condition_id": "0x47a6e502ccd9fab12e42e4d22d18d561d329e49870a0b0038edd1c7b39d8fa92",
    "bracket_low": 220,
    "bracket_high": 239
  },
  {
    "timestamp": 1772816769,
    "market_slug": "elon-musk-of-tweets-february-27-march-6-200-219",
    "event_slug": "elon-musk-of-tweets-february-27-march-6",
    "token_id": "19335635848638930006389862370795788468864191936184624295736509993095012014844",
    "outcome": "Yes",
    "side": "SELL",
    "price": 0.999,
    "size": 20.25,
    "transaction_hash": "0x6900e3fe2ce3c092820bbb821e857656ef8e07dbb241a1e1d134d8f4b5f119bd",
    "condition_id": "0x5b45dfd09ee98b5cf5681b2d0ba815a3ddb7d05d4df1bcd2f3bae35fed485d51",
    "bracket_low": 200,
    "bracket_high": 219
  },
  {
    "timestamp": 1772816767,
    "market_slug": "elon-musk-of-tweets-february-27-march-6-200-219",
    "event_slug": "elon-musk-of-tweets-february-27-march-6",
    "token_id": "19335635848638930006389862370795788468864191936184624295736509993095012014844",
    "outcome": "Yes",
    "side": "SELL",
    "price": 0.999,
    "size": 102.43,
    "transaction_hash": "0x1bd77f7bf5c542faee381ca41bfff9fb16f0d4e660488de5502ef2e9e7621609",
    "condition_id": "0x5b45dfd09ee98b5cf5681b2d0ba815a3ddb7d05d4df1bcd2f3bae35fed485d51",
    "bracket_low": 200,
    "bracket_high": 219
  },
  {
    "timestamp": 1772816755,
    "market_slug": "elon-musk-of-tweets-february-27-march-6-200-219",
    "event_slug": "elon-musk-of-tweets-february-27-march-6",
    "token_id": "19335635848638930006389862370795788468864191936184624295736509993095012014844",
    "outcome": "Yes",
    "side": "SELL",
    "price": 0.999,
    "size": 3.52,
    "transaction_hash": "0x76b60e36f493a304e74c3a1b6ea0b799d9d837d05d73c8a7a4a757115e300e2e",
    "condition_id": "0x5b45dfd09ee98b5cf5681b2d0ba815a3ddb7d05d4df1bcd2f3bae35fed485d51",
    "bracket_low": 200,
    "bracket_high": 219
  },
  {
    "timestamp": 1772816721,
    "market_slug": "elon-musk-of-tweets-february-27-march-6-200-219",
    "event_slug": "elon-musk-of-tweets-february-27-march-6",
    "token_id": "19335635848638930006389862370795788468864191936184624295736509993095012014844",
    "outcome": "Yes",
    "side": "SELL",
    "price": 0.999,
    "size": 320.63,
    "transaction_hash": "0x56589a72a704de08491dbfa9702dac2f18144765e9eea446d6c3e98fd41164ac",
    "condition_id": "0x5b45dfd09ee98b5cf5681b2d0ba815a3ddb7d05d4df1bcd2f3bae35fed485d51",
    "bracket_low": 200,
    "bracket_high": 219
  },
  {
    "timestamp": 1772816715,
    "market_slug": "elon-musk-of-tweets-february-27-march-6-200-219",
    "event_slug": "elon-musk-of-tweets-february-27-march-6",
    "token_id": "19335635848638930006389862370795788468864191936184624295736509993095012014844",
    "outcome": "Yes",
    "side": "SELL",
    "price": 0.999,
    "size": 302.4,
    "transaction_hash": "0xf929bf2925335824f709275a3d94d5a8bc1def0f1116f1b3e86a0eb726089c09",
    "condition_id": "0x5b45dfd09ee98b5cf5681b2d0ba815a3ddb7d05d4df1bcd2f3bae35fed485d51",
    "bracket_low": 200,
    "bracket_high": 219
  },
  {
    "timestamp": 1772816707,
    "market_slug": "elon-musk-of-tweets-february-27-march-6-220-239",
    "event_slug": "elon-musk-of-tweets-february-27-march-6",
    "token_id": "6226558688948207872023014108806008609139824171205301015693623347461096437689",
    "outcome": "No",
    "side": "SELL",
    "price": 0.999,
    "size": 10.04,
    "transaction_hash": "0xc1cb4c43d8073d321ef1c4269e69b28975f24b2fed977957ec48ccdeb200b1da",
    "condition_id": "0x47a6e502ccd9fab12e42e4d22d18d561d329e49870a0b0038edd1c7b39d8fa92",
    "bracket_low": 220,
    "bracket_high": 239
  },
  {
    "timestamp": 1772816687,
    "market_slug": "elon-musk-of-tweets-february-27-march-6-200-219",
    "event_slug": "elon-musk-of-tweets-february-27-march-6",
    "token_id": "19335635848638930006389862370795788468864191936184624295736509993095012014844",
    "outcome": "Yes",
    "side": "SELL",
    "price": 0.999,
    "size": 24.34,
    "transaction_hash": "0xb5c9d26bd20928dd64a2de8f2820beafcfa1d2bc7e0d79db5a010a533f6a7c84",
    "condition_id": "0x5b45dfd09ee98b5cf5681b2d0ba815a3ddb7d05d4df1bcd2f3bae35fed485d51",
    "bracket_low": 200,
    "bracket_high": 219
  },
  {
    "timestamp": 1772816681,
    "market_slug": "elon-musk-of-tweets-february-27-march-6-200-219",
    "event_slug": "elon-musk-of-tweets-february-27-march-6",
    "token_id": "19335635848638930006389862370795788468864191936184624295736509993095012014844",
    "outcome": "Yes",
    "side": "SELL",
    "price": 0.999,
    "size": 284.19,
    "transaction_hash": "0xf03987037d6e4e4ea9ea87fd6a98f9f89670aa35dd8251ce499fa7ce0b3b68a6",
    "condition_id": "0x5b45dfd09ee98b5cf5681b2d0ba815a3ddb7d05d4df1bcd2f3bae35fed485d51",
    "bracket_low": 200,
    "bracket_high": 219
  },
  {
    "timestamp": 1772816665,
    "market_slug": "elon-musk-of-tweets-february-27-march-6-240-259",
    "event_slug": "elon-musk-of-tweets-february-27-march-6",
    "token_id": "26898365299311949446420397740288297939018727545963802269678293134583262392617",
    "outcome": "No",
    "side": "SELL",
    "price": 0.999,
    "size": 213.44,
    "transaction_hash": "0x9089ae6dc483d05e966f04b95250e469d9d699d91c0116aaf7ba7bbd9c8b14be",
    "condition_id": "0x265162b0230303af84d50e0b63f30128ddec0454214b2b71cbdab550be7c7a42",
    "bracket_low": 240,
    "bracket_high": 259
  },
  {
    "timestamp": 1772816647,
    "market_slug": "elon-musk-of-tweets-february-27-march-6-200-219",
    "event_slug": "elon-musk-of-tweets-february-27-march-6",
    "token_id": "19335635848638930006389862370795788468864191936184624295736509993095012014844",
    "outcome": "Yes",
    "side": "SELL",
    "price": 0.999,
    "size": 10,
    "transaction_hash": "0xfef4cb23345b440bc5fd2ea48172a900a02cb7f4ebd57585c8676ad74268fdb5",
    "condition_id": "0x5b45dfd09ee98b5cf5681b2d0ba815a3ddb7d05d4df1bcd2f3bae35fed485d51",
    "bracket_low": 200,
    "bracket_high": 219
  },
  {
    "timestamp": 1772816641,
    "market_slug": "elon-musk-of-tweets-february-27-march-6-200-219",
    "event_slug": "elon-musk-of-tweets-february-27-march-6",
    "token_id": "19335635848638930006389862370795788468864191936184624295736509993095012014844",
    "outcome": "Yes",
    "side": "SELL",
    "price": 0.999,
    "size": 133.38,
    "transaction_hash": "0xeecf79ce35bd4dfa2eae3c5a239bf0b9d28c2ad3e091d41bd9edf15937be9b1e",
    "condition_id": "0x5b45dfd09ee98b5cf5681b2d0ba815a3ddb7d05d4df1bcd2f3bae35fed485d51",
    "bracket_low": 200,
    "bracket_high": 219
  },
  {
    "timestamp": 1772816639,
    "market_slug": "elon-musk-of-tweets-february-27-march-6-240-259",
    "event_slug": "elon-musk-of-tweets-february-27-march-6",
    "token_id": "26898365299311949446420397740288297939018727545963802269678293134583262392617",
    "outcome": "No",
    "side": "SELL",
    "price": 0.999,
    "size": 6.37,
    "transaction_hash": "0x546b131a9345138ad311beb477b21829f0396bae33f654256a1c5ce7e482da92",
    "condition_id": "0x265162b0230303af84d50e0b63f30128ddec0454214b2b71cbdab550be7c7a42",
    "bracket_low": 240,
    "bracket_high": 259
  },
  {
    "timestamp": 1772816633,
    "market_slug": "elon-musk-of-tweets-february-27-march-6-200-219",
    "event_slug": "elon-musk-of-tweets-february-27-march-6",
    "token_id": "19335635848638930006389862370795788468864191936184624295736509993095012014844",
    "outcome": "Yes",
    "side": "SELL",
    "price": 0.999,
    "size": 50,
    "transaction_hash": "0xc542515d16160073bf80d7ace001f744da07ce342ba6dfe37a3821f046ffb37e",
    "condition_id": "0x5b45dfd09ee98b5cf5681b2d0ba815a3ddb7d05d4df1bcd2f3bae35fed485d51",
    "bracket_low": 200,
    "bracket_high": 219
  },
  {
    "timestamp": 1772816591,
    "market_slug": "elon-musk-of-tweets-february-27-march-6-240-259",
    "event_slug": "elon-musk-of-tweets-february-27-march-6",
    "token_id": "26898365299311949446420397740288297939018727545963802269678293134583262392617",
    "outcome": "No",
    "side": "SELL",
    "price": 0.999,
    "size": 5.09,
    "transaction_hash": "0x7e687c31438635e3ba3405293b0e28eef53b6d586d688731475068852a8c452e",
    "condition_id": "0x265162b0230303af84d50e0b63f30128ddec0454214b2b71cbdab550be7c7a42",
    "bracket_low": 240,
    "bracket_high": 259
  },
  {
    "timestamp": 1772816569,
    "market_slug": "elon-musk-of-tweets-february-27-march-6-200-219",
    "event_slug": "elon-musk-of-tweets-february-27-march-6",
    "token_id": "19335635848638930006389862370795788468864191936184624295736509993095012014844",
    "outcome": "Yes",
    "side": "SELL",
    "price": 0.999,
    "size": 1.29,
    "transaction_hash": "0x480217c203ce872470eeb5377cd0288bb5565e8a739ae07a14d61f950589c3bf",
    "condition_id": "0x5b45dfd09ee98b5cf5681b2d0ba815a3ddb7d05d4df1bcd2f3bae35fed485d51",
    "bracket_low": 200,
    "bracket_high": 219
  },
  {
    "timestamp": 1772816569,
    "market_slug": "elon-musk-of-tweets-february-27-march-6-220-239",
    "event_slug": "elon-musk-of-tweets-february-27-march-6",
    "token_id": "6226558688948207872023014108806008609139824171205301015693623347461096437689",
    "outcome": "No",
    "side": "SELL",
    "price": 0.999,
    "size": 7.08,
    "transaction_hash": "0xff73e84b9fba7b8035aec632308db4faf626308838c7f00d5f214e6ee88a8e00",
    "condition_id": "0x47a6e502ccd9fab12e42e4d22d18d561d329e49870a0b0038edd1c7b39d8fa92",
    "bracket_low": 220,
    "bracket_high": 239
  },
  {
    "timestamp": 1772816565,
    "market_slug": "elon-musk-of-tweets-february-27-march-6-200-219",
    "event_slug": "elon-musk-of-tweets-february-27-march-6",
    "token_id": "19335635848638930006389862370795788468864191936184624295736509993095012014844",
    "outcome": "Yes",
    "side": "SELL",
    "price": 0.999,
    "size": 100,
    "transaction_hash": "0x81b5c38c9337c27368e4abd4ec13d38c07ddcf3ad5532ccf711184d85344828e",
    "condition_id": "0x5b45dfd09ee98b5cf5681b2d0ba815a3ddb7d05d4df1bcd2f3bae35fed485d51",
    "bracket_low": 200,
    "bracket_high": 219
  },
  {
    "timestamp": 1772816565,
    "market_slug": "elon-musk-of-tweets-february-27-march-6-200-219",
    "event_slug": "elon-musk-of-tweets-february-27-march-6",
    "token_id": "19335635848638930006389862370795788468864191936184624295736509993095012014844",
    "outcome": "Yes",
    "side": "SELL",
    "price": 0.999,
    "size": 144.27,
    "transaction_hash": "0x33a60b5159c85f088ad38dcf4758d42d5a1f4cd7df3ac3f512b096bdfabad182",
    "condition_id": "0x5b45dfd09ee98b5cf5681b2d0ba815a3ddb7d05d4df1bcd2f3bae35fed485d51",
    "bracket_low": 200,
    "bracket_high": 219
  },
  {
    "timestamp": 1772816555,
    "market_slug": "elon-musk-of-tweets-february-27-march-6-240-259",
    "event_slug": "elon-musk-of-tweets-february-27-march-6",
    "token_id": "26898365299311949446420397740288297939018727545963802269678293134583262392617",
    "outcome": "No",
    "side": "SELL",
    "price": 0.999,
    "size": 2586.7,
    "transaction_hash": "0x5dac91b52d1b591f1444fede877c6599b3d9af6ba730172a58463f115c6068e9",
    "condition_id": "0x265162b0230303af84d50e0b63f30128ddec0454214b2b71cbdab550be7c7a42",
    "bracket_low": 240,
    "bracket_high": 259
  },
  {
    "timestamp": 1772816541,
    "market_slug": "elon-musk-of-tweets-february-27-march-6-200-219",
    "event_slug": "elon-musk-of-tweets-february-27-march-6",
    "token_id": "19335635848638930006389862370795788468864191936184624295736509993095012014844",
    "outcome": "Yes",
    "side": "SELL",
    "price": 0.999,
    "size": 81.17,
    "transaction_hash": "0x57e84d0d54efb9169a5e8937b825c35d905b99e2599a1b3f3902ec7c090c855b",
    "condition_id": "0x5b45dfd09ee98b5cf5681b2d0ba815a3ddb7d05d4df1bcd2f3bae35fed485d51",
    "bracket_low": 200,
    "bracket_high": 219
  },
  {
    "timestamp": 1772816501,
    "market_slug": "elon-musk-of-tweets-february-27-march-6-200-219",
    "event_slug": "elon-musk-of-tweets-february-27-march-6",
    "token_id": "19335635848638930006389862370795788468864191936184624295736509993095012014844",
    "outcome": "Yes",
    "side": "SELL",
    "price": 0.999,
    "size": 4,
    "transaction_hash": "0xd0b06189d7a45577af2e85e9436c572f64e833f4c6424368f41cd8befa01b615",
    "condition_id": "0x5b45dfd09ee98b5cf5681b2d0ba815a3ddb7d05d4df1bcd2f3bae35fed485d51",
    "bracket_low": 200,
    "bracket_high": 219
  },
  {
    "timestamp": 1772816493,
    "market_slug": "elon-musk-of-tweets-february-27-march-6-220-239",
    "event_slug": "elon-musk-of-tweets-february-27-march-6",
    "token_id": "6226558688948207872023014108806008609139824171205301015693623347461096437689",
    "outcome": "No",
    "side": "SELL",
    "price": 0.999,
    "size": 7.04,
    "transaction_hash": "0x78c55f0e53771dbe09d5de90ed6767719ca32a1fa293a30720eb905be80a02ab",
    "condition_id": "0x47a6e502ccd9fab12e42e4d22d18d561d329e49870a0b0038edd1c7b39d8fa92",
    "bracket_low": 220,
    "bracket_high": 239
  },
  {
    "timestamp": 1772816467,
    "market_slug": "elon-musk-of-tweets-february-27-march-6-200-219",
    "event_slug": "elon-musk-of-tweets-february-27-march-6",
    "token_id": "19335635848638930006389862370795788468864191936184624295736509993095012014844",
    "outcome": "Yes",
    "side": "SELL",
    "price": 0.999,
    "size": 1.09,
    "transaction_hash": "0xff8022edec95f04a5aca551beb23b588fcb86694fcc4458da860038e2ea7c7fc",
    "condition_id": "0x5b45dfd09ee98b5cf5681b2d0ba815a3ddb7d05d4df1bcd2f3bae35fed485d51",
    "bracket_low": 200,
    "bracket_high": 219
  },
  {
    "timestamp": 1772816461,
    "market_slug": "elon-musk-of-tweets-february-27-march-6-200-219",
    "event_slug": "elon-musk-of-tweets-february-27-march-6",
    "token_id": "19335635848638930006389862370795788468864191936184624295736509993095012014844",
    "outcome": "Yes",
    "side": "SELL",
    "price": 0.999,
    "size": 6.56,
    "transaction_hash": "0xf6b76a2b9a21a560b56f25822aaa6d8f35752538991dd927a1b3a30b1233650e",
    "condition_id": "0x5b45dfd09ee98b5cf5681b2d0ba815a3ddb7d05d4df1bcd2f3bae35fed485d51",
    "bracket_low": 200,
    "bracket_high": 219
  },
  {
    "timestamp": 1772816445,
    "market_slug": "elon-musk-of-tweets-february-27-march-6-200-219",
    "event_slug": "elon-musk-of-tweets-february-27-march-6",
    "token_id": "19335635848638930006389862370795788468864191936184624295736509993095012014844",
    "outcome": "Yes",
    "side": "SELL",
    "price": 0.999,
    "size": 11.45,
    "transaction_hash": "0x7b88e4a12f1dd9973113f4c2e91f3fd085317edadb9bede7488ad62eb1758bbd",
    "condition_id": "0x5b45dfd09ee98b5cf5681b2d0ba815a3ddb7d05d4df1bcd2f3bae35fed485d51",
    "bracket_low": 200,
    "bracket_high": 219
  },
  {
    "timestamp": 1772816421,
    "market_slug": "elon-musk-of-tweets-february-27-march-6-220-239",
    "event_slug": "elon-musk-of-tweets-february-27-march-6",
    "token_id": "6226558688948207872023014108806008609139824171205301015693623347461096437689",
    "outcome": "No",
    "side": "SELL",
    "price": 0.999,
    "size": 987.52,
    "transaction_hash": "0xf5603421d8019d84cd7f9f1347a9ca2ff84609b8c4795dafe55b6acdfca4f506",
    "condition_id": "0x47a6e502ccd9fab12e42e4d22d18d561d329e49870a0b0038edd1c7b39d8fa92",
    "bracket_low": 220,
    "bracket_high": 239
  },
  {
    "timestamp": 1772816399,
    "market_slug": "elon-musk-of-tweets-february-27-march-6-200-219",
    "event_slug": "elon-musk-of-tweets-february-27-march-6",
    "token_id": "19335635848638930006389862370795788468864191936184624295736509993095012014844",
    "outcome": "Yes",
    "side": "SELL",
    "price": 0.999,
    "size": 5184.49,
    "transaction_hash": "0x61292f7a8bcdfe60de107227ce733f04850e2ddbb0eb3f2fd33d37599b68d0d0",
    "condition_id": "0x5b45dfd09ee98b5cf5681b2d0ba815a3ddb7d05d4df1bcd2f3bae35fed485d51",
    "bracket_low": 200,
    "bracket_high": 219
  },
  {
    "timestamp": 1772816353,
    "market_slug": "elon-musk-of-tweets-february-27-march-6-200-219",
    "event_slug": "elon-musk-of-tweets-february-27-march-6",
    "token_id": "19335635848638930006389862370795788468864191936184624295736509993095012014844",
    "outcome": "Yes",
    "side": "SELL",
    "price": 0.999,
    "size": 54.85,
    "transaction_hash": "0xbb37a0ce0c2d650a242402eb6707d1589257b54d770a683e89db569a81bf150d",
    "condition_id": "0x5b45dfd09ee98b5cf5681b2d0ba815a3ddb7d05d4df1bcd2f3bae35fed485d51",
    "bracket_low": 200,
