[
  {
    "timestamp": 1774035691,
    "market_slug": "elon-musk-of-tweets-march-13-march-20-340-359",
    "event_slug": "elon-musk-of-tweets-march-13-march-20",
    "token_id": "78203566267050190393608608206243856253829364708683024977958097113104979739348",
    "outcome": "Yes",
    "side": "BUY",
    "price": 0.001,
    "size": 1500,
    "transaction_hash": "0x277facd63f5051373c51be1b9e575c1d84e237745425a9d0ef6b544525b22800",
    "condition_id": "0xacb2e2ac81a2c312af816cafcbc4642f350eddd27004f83d142e44fec00f88c1",
    "bracket_low": 340,
    "bracket_high": 359
  },
  {
    "timestamp": 1774035337,
    "market_slug": "elon-musk-of-tweets-march-13-march-20-340-359",
    "event_slug": "elon-musk-of-tweets-march-13-march-20",
    "token_id": "78203566267050190393608608206243856253829364708683024977958097113104979739348",
    "outcome": "Yes",
    "side": "BUY",
    "price": 0.001,
    "size": 2000,
    "transaction_hash": "0x68a648c8598a23a6b825f038b7f589f6122809d2f0eddb233a80a928ef8c579d",
    "condition_id": "0xacb2e2ac81a2c312af816cafcbc4642f350eddd27004f83d142e44fec00f88c1",
    "bracket_low": 340,
    "bracket_high": 359
  },
  {
    "timestamp": 1774035295,
    "market_slug": "elon-musk-of-tweets-march-13-march-20-340-359",
    "event_slug": "elon-musk-of-tweets-march-13-march-20",
    "token_id": "78203566267050190393608608206243856253829364708683024977958097113104979739348",
    "outcome": "Yes",
    "side": "BUY",
    "price": 0.001,
    "size": 17000,
    "transaction_hash": "0xf955841e3856e5deaa5e388442e2efe997999175b62681b9e7a95e5c8905cae0",
    "condition_id": "0xacb2e2ac81a2c312af816cafcbc4642f350eddd27004f83d142e44fec00f88c1",
    "bracket_low": 340,
    "bracket_high": 359
  },
  {
    "timestamp": 1774035089,
    "market_slug": "elon-musk-of-tweets-march-13-march-20-340-359",
    "event_slug": "elon-musk-of-tweets-march-13-march-20",
    "token_id": "78203566267050190393608608206243856253829364708683024977958097113104979739348",
    "outcome": "Yes",
    "side": "BUY",
    "price": 0.001,
    "size": 8000,
    "transaction_hash": "0x052c6c2a424a1824e9719f68af6123e211f3e0dcd2bc7aefa0f2b8d4bc737675",
    "condition_id": "0xacb2e2ac81a2c312af816cafcbc4642f350eddd27004f83d142e44fec00f88c1",
    "bracket_low": 340,
    "bracket_high": 359
  },
  {
    "timestamp": 1774034783,
    "market_slug": "elon-musk-of-tweets-march-13-march-20-340-359",
    "event_slug": "elon-musk-of-tweets-march-13-march-20",
    "token_id": "78203566267050190393608608206243856253829364708683024977958097113104979739348",
    "outcome": "Yes",
    "side": "BUY",
    "price": 0.001,
    "size": 1000,
    "transaction_hash": "0x46417fb5e5bb90dc25a0b27021081ad88d63a0d45391145546f0f4230e9d9385",
    "condition_id": "0xacb2e2ac81a2c312af816cafcbc4642f350eddd27004f83d142e44fec00f88c1",
    "bracket_low": 340,
    "bracket_high": 359
  },
  {
    "timestamp": 1774034763,
    "market_slug": "elon-musk-of-tweets-march-13-march-20-340-359",
    "event_slug": "elon-musk-of-tweets-march-13-march-20",
    "token_id": "78203566267050190393608608206243856253829364708683024977958097113104979739348",
    "outcome": "Yes",
    "side": "BUY",
    "price": 0.001,
    "size": 1000,
    "transaction_hash": "0x2cc4d5a460662d263644b82a5418d312dc257030eb1c04427c6431537a880a9f",
    "condition_id": "0xacb2e2ac81a2c312af816cafcbc4642f350eddd27004f83d142e44fec00f88c1",
    "bracket_low": 340,
    "bracket_high": 359
  },
  {
    "timestamp": 1774034229,
    "market_slug": "elon-musk-of-tweets-march-13-march-20-340-359",
    "event_slug": "elon-musk-of-tweets-march-13-march-20",
    "token_id": "78203566267050190393608608206243856253829364708683024977958097113104979739348",
    "outcome": "Yes",
    "side": "BUY",
    "price": 0.001,
    "size": 1000,
    "transaction_hash": "0xbb006e6a88f88b8bbe4edb8ec008c25ffbe65df09bb86b54c6adb715e35397bf",
    "condition_id": "0xacb2e2ac81a2c312af816cafcbc4642f350eddd27004f83d142e44fec00f88c1",
    "bracket_low": 340,
    "bracket_high": 359
  },
  {
    "timestamp": 1774034165,
    "market_slug": "elon-musk-of-tweets-march-13-march-20-340-359",
    "event_slug": "elon-musk-of-tweets-march-13-march-20",
    "token_id": "78203566267050190393608608206243856253829364708683024977958097113104979739348",
    "outcome": "Yes",
    "side": "BUY",
    "price": 0.001,
    "size": 1000,
    "transaction_hash": "0xc4dd6ff1971f326c74aeebc698d77a3cf923ff5aa47068d40258c89264afee6f",
    "condition_id": "0xacb2e2ac81a2c312af816cafcbc4642f350eddd27004f83d142e44fec00f88c1",
    "bracket_low": 340,
    "bracket_high": 359
  },
  {
    "timestamp": 1774033619,
    "market_slug": "elon-musk-of-tweets-march-13-march-20-320-339",
    "event_slug": "elon-musk-of-tweets-march-13-march-20",
    "token_id": "82518446761093462403909660823871077900321697782520044657764741165674528823628",
    "outcome": "Yes",
    "side": "SELL",
    "price": 0.999,
    "size": 130.64,
    "transaction_hash": "0x464a0fb165f71b815fd17d5bb215f58a60e3c78264940e518484bd7d7e351bcf",
    "condition_id": "0xb810ea8d468ab4783ac913dc8fc848bda0981c87dc5c0eb885067159a1edb2e0",
    "bracket_low": 320,
    "bracket_high": 339
  },
  {
    "timestamp": 1774033285,
    "market_slug": "elon-musk-of-tweets-march-13-march-20-320-339",
    "event_slug": "elon-musk-of-tweets-march-13-march-20",
    "token_id": "82518446761093462403909660823871077900321697782520044657764741165674528823628",
    "outcome": "Yes",
    "side": "SELL",
    "price": 0.999,
    "size": 49.99,
    "transaction_hash": "0xc40d7bdc34cb8648a3cf70417336d20bbe8c67633bfc41e1221c876c3a5b3b87",
    "condition_id": "0xb810ea8d468ab4783ac913dc8fc848bda0981c87dc5c0eb885067159a1edb2e0",
    "bracket_low": 320,
    "bracket_high": 339
  },
  {
    "timestamp": 1774033237,
    "market_slug": "elon-musk-of-tweets-march-13-march-20-320-339",
    "event_slug": "elon-musk-of-tweets-march-13-march-20",
    "token_id": "82518446761093462403909660823871077900321697782520044657764741165674528823628",
    "outcome": "Yes",
    "side": "SELL",
    "price": 0.999,
    "size": 8,
    "transaction_hash": "0x1018b4917bb709f31899c6c7e3f7672fe16146010879ed7e6d2cb444e44e7bc8",
    "condition_id": "0xb810ea8d468ab4783ac913dc8fc848bda0981c87dc5c0eb885067159a1edb2e0",
    "bracket_low": 320,
    "bracket_high": 339
  },
  {
    "timestamp": 1774033103,
    "market_slug": "elon-musk-of-tweets-march-13-march-20-340-359",
    "event_slug": "elon-musk-of-tweets-march-13-march-20",
    "token_id": "47174379360977965773639096565340945997317912611421193432399073225644717922958",
    "outcome": "No",
    "side": "SELL",
    "price": 0.999,
    "size": 358.95,
    "transaction_hash": "0x6de349ccc86bf1f4aa3c1f98d23316c13435414c9f0636986317208dfc5e71cc",
    "condition_id": "0xacb2e2ac81a2c312af816cafcbc4642f350eddd27004f83d142e44fec00f88c1",
    "bracket_low": 340,
    "bracket_high": 359
  },
  {
    "timestamp": 1774032893,
    "market_slug": "elon-musk-of-tweets-march-13-march-20-320-339",
    "event_slug": "elon-musk-of-tweets-march-13-march-20",
    "token_id": "82518446761093462403909660823871077900321697782520044657764741165674528823628",
    "outcome": "Yes",
    "side": "SELL",
    "price": 0.999,
    "size": 9.09,
    "transaction_hash": "0x904d0438ea2962fe80f1a058baadb8de43eb89b56074fa2d197bd674b9e51915",
    "condition_id": "0xb810ea8d468ab4783ac913dc8fc848bda0981c87dc5c0eb885067159a1edb2e0",
    "bracket_low": 320,
    "bracket_high": 339
  },
  {
    "timestamp": 1774032891,
    "market_slug": "elon-musk-of-tweets-march-13-march-20-320-339",
    "event_slug": "elon-musk-of-tweets-march-13-march-20",
    "token_id": "82518446761093462403909660823871077900321697782520044657764741165674528823628",
    "outcome": "Yes",
    "side": "SELL",
    "price": 0.999,
    "size": 3.18,
    "transaction_hash": "0xdfd5273f559a7f27db5864156d35603f01c3ab5a499d394cf85eee553a6879f0",
    "condition_id": "0xb810ea8d468ab4783ac913dc8fc848bda0981c87dc5c0eb885067159a1edb2e0",
    "bracket_low": 320,
    "bracket_high": 339
  },
  {
    "timestamp": 1774032831,
    "market_slug": "elon-musk-of-tweets-march-13-march-20-320-339",
    "event_slug": "elon-musk-of-tweets-march-13-march-20",
    "token_id": "82518446761093462403909660823871077900321697782520044657764741165674528823628",
    "outcome": "Yes",
    "side": "SELL",
    "price": 0.999,
    "size": 1.02,
    "transaction_hash": "0xc6a422441ed31bb3984c27dff2ff8a06c4eceefa1b1ed394b75e40bf836f9792",
    "condition_id": "0xb810ea8d468ab4783ac913dc8fc848bda0981c87dc5c0eb885067159a1edb2e0",
    "bracket_low": 320,
    "bracket_high": 339
  },
  {
    "timestamp": 1774032691,
    "market_slug": "elon-musk-of-tweets-march-13-march-20-320-339",
    "event_slug": "elon-musk-of-tweets-march-13-march-20",
    "token_id": "82518446761093462403909660823871077900321697782520044657764741165674528823628",
    "outcome": "Yes",
    "side": "SELL",
    "price": 0.999,
    "size": 25.91,
    "transaction_hash": "0x6070ef12c455a709d79bcd646c85c7007af8a2db95dfd013f1e964550a54233f",
    "condition_id": "0xb810ea8d468ab4783ac913dc8fc848bda0981c87dc5c0eb885067159a1edb2e0",
    "bracket_low": 320,
    "bracket_high": 339
  },
  {
    "timestamp": 1774032315,
    "market_slug": "elon-musk-of-tweets-march-13-march-20-320-339",
    "event_slug": "elon-musk-of-tweets-march-13-march-20",
    "token_id": "82518446761093462403909660823871077900321697782520044657764741165674528823628",
    "outcome": "Yes",
    "side": "SELL",
    "price": 0.999,
    "size": 539.63,
    "transaction_hash": "0xe4f427f7dab4de2247b8a46764caf0570e3d36c4d03bd2c8adc850a01c27fdb1",
    "condition_id": "0xb810ea8d468ab4783ac913dc8fc848bda0981c87dc5c0eb885067159a1edb2e0",
    "bracket_low": 320,
    "bracket_high": 339
  },
  {
    "timestamp": 1774032233,
    "market_slug": "elon-musk-of-tweets-march-13-march-20-320-339",
    "event_slug": "elon-musk-of-tweets-march-13-march-20",
    "token_id": "82518446761093462403909660823871077900321697782520044657764741165674528823628",
    "outcome": "Yes",
    "side": "SELL",
    "price": 0.999,
    "size": 1.15,
    "transaction_hash": "0x51afcc5f4f58a8e554311918f389dbb4b2756f54d2fcefefe727d4d2c2a4b0a6",
    "condition_id": "0xb810ea8d468ab4783ac913dc8fc848bda0981c87dc5c0eb885067159a1edb2e0",
    "bracket_low": 320,
    "bracket_high": 339
  },
  {
    "timestamp": 1774032217,
    "market_slug": "elon-musk-of-tweets-march-13-march-20-320-339",
    "event_slug": "elon-musk-of-tweets-march-13-march-20",
    "token_id": "82518446761093462403909660823871077900321697782520044657764741165674528823628",
    "outcome": "Yes",
    "side": "SELL",
    "price": 0.999,
    "size": 35.71,
    "transaction_hash": "0xcbf6145307a9e7235701b5e4ea640b8a92856f1258f4fd66033abb3627fcf5fc",
    "condition_id": "0xb810ea8d468ab4783ac913dc8fc848bda0981c87dc5c0eb885067159a1edb2e0",
    "bracket_low": 320,
    "bracket_high": 339
  },
  {
    "timestamp": 1774031875,
    "market_slug": "elon-musk-of-tweets-march-13-march-20-320-339",
    "event_slug": "elon-musk-of-tweets-march-13-march-20",
    "token_id": "82518446761093462403909660823871077900321697782520044657764741165674528823628",
    "outcome": "Yes",
    "side": "SELL",
    "price": 0.999,
    "size": 885.18,
    "transaction_hash": "0x52807fdad21c1f31537464cab7d6eeec173586f87dd1f07b006305ea24da8f59",
    "condition_id": "0xb810ea8d468ab4783ac913dc8fc848bda0981c87dc5c0eb885067159a1edb2e0",
    "bracket_low": 320,
    "bracket_high": 339
  },
  {
    "timestamp": 1774031537,
    "market_slug": "elon-musk-of-tweets-march-13-march-20-320-339",
    "event_slug": "elon-musk-of-tweets-march-13-march-20",
    "token_id": "82518446761093462403909660823871077900321697782520044657764741165674528823628",
    "outcome": "Yes",
    "side": "SELL",
    "price": 0.999,
    "size": 9.04,
    "transaction_hash": "0xd28eed2fc5685efced8ed4a43d78d24f12d0353d4eef8be7d12ba259c1787ef8",
    "condition_id": "0xb810ea8d468ab4783ac913dc8fc848bda0981c87dc5c0eb885067159a1edb2e0",
    "bracket_low": 320,
    "bracket_high": 339
  },
  {
    "timestamp": 1774031433,
    "market_slug": "elon-musk-of-tweets-march-13-march-20-320-339",
    "event_slug": "elon-musk-of-tweets-march-13-march-20",
    "token_id": "82518446761093462403909660823871077900321697782520044657764741165674528823628",
    "outcome": "Yes",
    "side": "SELL",
    "price": 0.999,
    "size": 10.77,
    "transaction_hash": "0x5b3d132135889c17960d38b943a85d10bb132c32862a40be8e81f17a7e80ed9c",
    "condition_id": "0xb810ea8d468ab4783ac913dc8fc848bda0981c87dc5c0eb885067159a1edb2e0",
    "bracket_low": 320,
    "bracket_high": 339
  },
  {
    "timestamp": 1774031379,
    "market_slug": "elon-musk-of-tweets-march-13-march-20-340-359",
    "event_slug": "elon-musk-of-tweets-march-13-march-20",
    "token_id": "47174379360977965773639096565340945997317912611421193432399073225644717922958",
    "outcome": "No",
    "side": "SELL",
    "price": 0.999,
    "size": 46.34,
    "transaction_hash": "0xe83a40af8396cd10ac869969747a8cf4e0b87463ad8a79bbb325f435e96642b9",
    "condition_id": "0xacb2e2ac81a2c312af816cafcbc4642f350eddd27004f83d142e44fec00f88c1",
    "bracket_low": 340,
    "bracket_high": 359
  },
  {
    "timestamp": 1774031369,
    "market_slug": "elon-musk-of-tweets-march-13-march-20-360-379",
    "event_slug": "elon-musk-of-tweets-march-13-march-20",
    "token_id": "79805242086096020227599892927449645557390063936828870468991520437286551075776",
    "outcome": "No",
    "side": "SELL",
    "price": 0.999,
    "size": 15,
    "transaction_hash": "0x444384d30cf3baa3f08863407d70d849c3a8701497282158dc45da615238582c",
    "condition_id": "0x57b686c7fb5518730a47368dfa2523db169f3d2c37a4bf91400830c989f46bf8",
    "bracket_low": 360,
    "bracket_high": 379
  },
  {
    "timestamp": 1774031359,
    "market_slug": "elon-musk-of-tweets-march-13-march-20-340-359",
    "event_slug": "elon-musk-of-tweets-march-13-march-20",
    "token_id": "47174379360977965773639096565340945997317912611421193432399073225644717922958",
    "outcome": "No",
    "side": "SELL",
    "price": 0.999,
    "size": 20,
    "transaction_hash": "0xda8f5b58c9ec08ae3fb07be95916a01e952235a253df35529a9978730a2201d1",
    "condition_id": "0xacb2e2ac81a2c312af816cafcbc4642f350eddd27004f83d142e44fec00f88c1",
    "bracket_low": 340,
    "bracket_high": 359
  },
  {
    "timestamp": 1774031293,
    "market_slug": "elon-musk-of-tweets-march-13-march-20-380-399",
    "event_slug": "elon-musk-of-tweets-march-13-march-20",
    "token_id": "34234407697743263295393245039257460055998256011280683193945359976303250295338",
    "outcome": "No",
    "side": "SELL",
    "price": 0.999,
    "size": 12,
    "transaction_hash": "0x834fe6ecddb5a937c2fd3ebd6995e5f269f63cf3b8372e59a811a384e17ac820",
    "condition_id": "0x5e727ec21989b0423e21c58986744955305f43013b5294f151f9971214b59d1b",
    "bracket_low": 380,
    "bracket_high": 399
  },
  {
    "timestamp": 1774031279,
    "market_slug": "elon-musk-of-tweets-march-13-march-20-340-359",
    "event_slug": "elon-musk-of-tweets-march-13-march-20",
    "token_id": "78203566267050190393608608206243856253829364708683024977958097113104979739348",
    "outcome": "Yes",
    "side": "BUY",
    "price": 0.001,
    "size": 1000,
    "transaction_hash": "0xe1adff5a59fcd15b40d2ea033a5cc4bc831402d355f74b558cfef87f1a08cb40",
    "condition_id": "0xacb2e2ac81a2c312af816cafcbc4642f350eddd27004f83d142e44fec00f88c1",
    "bracket_low": 340,
    "bracket_high": 359
  },
  {
    "timestamp": 1774031091,
    "market_slug": "elon-musk-of-tweets-march-13-march-20-320-339",
    "event_slug": "elon-musk-of-tweets-march-13-march-20",
    "token_id": "82518446761093462403909660823871077900321697782520044657764741165674528823628",
    "outcome": "Yes",
    "side": "SELL",
    "price": 0.999,
    "size": 75.47,
    "transaction_hash": "0x51693eee309fd6eadfb2230306c06f2cc0f52eec92785acec13d4b5126a1a82a",
    "condition_id": "0xb810ea8d468ab4783ac913dc8fc848bda0981c87dc5c0eb885067159a1edb2e0",
    "bracket_low": 320,
    "bracket_high": 339
  },
  {
    "timestamp": 1774030885,
    "market_slug": "elon-musk-of-tweets-march-13-march-20-320-339",
    "event_slug": "elon-musk-of-tweets-march-13-march-20",
    "token_id": "82518446761093462403909660823871077900321697782520044657764741165674528823628",
    "outcome": "Yes",
    "side": "SELL",
    "price": 0.999,
    "size": 78.66,
    "transaction_hash": "0x8c0539238d6b6b6d058f90ef248577878b811a399abd4a23f28c68beece50f0d",
    "condition_id": "0xb810ea8d468ab4783ac913dc8fc848bda0981c87dc5c0eb885067159a1edb2e0",
    "bracket_low": 320,
    "bracket_high": 339
  },
  {
    "timestamp": 1774030879,
    "market_slug": "elon-musk-of-tweets-march-13-march-20-360-379",
    "event_slug": "elon-musk-of-tweets-march-13-march-20",
    "token_id": "79805242086096020227599892927449645557390063936828870468991520437286551075776",
    "outcome": "No",
    "side": "SELL",
    "price": 0.999,
    "size": 13.2,
    "transaction_hash": "0xf46d1ae4ebd8e1ede3df8fcdf7dcf74856c1b4b4a3d85733a5825d8fcccd3a05",
    "condition_id": "0x57b686c7fb5518730a47368dfa2523db169f3d2c37a4bf91400830c989f46bf8",
    "bracket_low": 360,
    "bracket_high": 379
  },
  {
    "timestamp": 1774030487,
    "market_slug": "elon-musk-of-tweets-march-13-march-20-320-339",
    "event_slug": "elon-musk-of-tweets-march-13-march-20",
    "token_id": "82518446761093462403909660823871077900321697782520044657764741165674528823628",
    "outcome": "Yes",
    "side": "SELL",
    "price": 0.999,
    "size": 2150,
    "transaction_hash": "0xc3bf896f2a696afeb5a6bef521b952949f14ae508293e3b88f419bddacc6d6da",
    "condition_id": "0xb810ea8d468ab4783ac913dc8fc848bda0981c87dc5c0eb885067159a1edb2e0",
    "bracket_low": 320,
    "bracket_high": 339
  },
  {
    "timestamp": 1774030375,
    "market_slug": "elon-musk-of-tweets-march-13-march-20-320-339",
    "event_slug": "elon-musk-of-tweets-march-13-march-20",
    "token_id": "82518446761093462403909660823871077900321697782520044657764741165674528823628",
    "outcome": "Yes",
    "side": "SELL",
    "price": 0.999,
    "size": 3.11,
    "transaction_hash": "0xdb19f8d95e075f8451d3e6f0d6be9845e1e6a4ceff61c28c34de566263da233f",
    "condition_id": "0xb810ea8d468ab4783ac913dc8fc848bda0981c87dc5c0eb885067159a1edb2e0",
    "bracket_low": 320,
    "bracket_high": 339
  },
  {
    "timestamp": 1774030367,
    "market_slug": "elon-musk-of-tweets-march-13-march-20-340-359",
    "event_slug": "elon-musk-of-tweets-march-13-march-20",
    "token_id": "47174379360977965773639096565340945997317912611421193432399073225644717922958",
    "outcome": "No",
    "side": "SELL",
    "price": 0.999,
    "size": 40.5,
    "transaction_hash": "0xe4f12bf12acaf4fac7d45580a06a0b6346bb6bec365e2c207d7a5387dc32a0c7",
    "condition_id": "0xacb2e2ac81a2c312af816cafcbc4642f350eddd27004f83d142e44fec00f88c1",
    "bracket_low": 340,
    "bracket_high": 359
  },
  {
    "timestamp": 1774030345,
    "market_slug": "elon-musk-of-tweets-march-13-march-20-360-379",
    "event_slug": "elon-musk-of-tweets-march-13-march-20",
    "token_id": "79805242086096020227599892927449645557390063936828870468991520437286551075776",
    "outcome": "No",
    "side": "SELL",
    "price": 0.999,
    "size": 3.31,
    "transaction_hash": "0x22858fa6726ac55f4271c0912a79d43137fa5aeb5b3b0dddb570f6d792cd3ade",
    "condition_id": "0x57b686c7fb5518730a47368dfa2523db169f3d2c37a4bf91400830c989f46bf8",
    "bracket_low": 360,
    "bracket_high": 379
  },
  {
    "timestamp": 1774030343,
    "market_slug": "elon-musk-of-tweets-march-13-march-20-380-399",
    "event_slug": "elon-musk-of-tweets-march-13-march-20",
    "token_id": "34234407697743263295393245039257460055998256011280683193945359976303250295338",
    "outcome": "No",
    "side": "SELL",
    "price": 0.999,
    "size": 7758.68,
    "transaction_hash": "0x39e9fb795d0b94306f11bd7bc112a5d79552321c249c0b8fb3a0b8dc19675a2b",
    "condition_id": "0x5e727ec21989b0423e21c58986744955305f43013b5294f151f9971214b59d1b",
    "bracket_low": 380,
    "bracket_high": 399
  },
  {
    "timestamp": 1774030279,
    "market_slug": "elon-musk-of-tweets-march-13-march-20-380-399",
    "event_slug": "elon-musk-of-tweets-march-13-march-20",
    "token_id": "34234407697743263295393245039257460055998256011280683193945359976303250295338",
    "outcome": "No",
    "side": "SELL",
    "price": 0.999,
    "size": 227.2,
    "transaction_hash": "0x586a0a7f60384cdaaffc76585deee2d3554cc246fac8bf6479ea1adf948370fd",
    "condition_id": "0x5e727ec21989b0423e21c58986744955305f43013b5294f151f9971214b59d1b",
    "bracket_low": 380,
    "bracket_high": 399
  },
  {
    "timestamp": 1774030071,
    "market_slug": "elon-musk-of-tweets-march-13-march-20-320-339",
    "event_slug": "elon-musk-of-tweets-march-13-march-20",
    "token_id": "2078387433062678528341594284022090579269458787238990301986330427520767312650",
    "outcome": "No",
    "side": "BUY",
    "price": 0.001,
    "size": 1500,
    "transaction_hash": "0xcd4bfcb903ddd46536ffb10461b3887dd03db5e136ed28c709ee86ba251acef5",
    "condition_id": "0xb810ea8d468ab4783ac913dc8fc848bda0981c87dc5c0eb885067159a1edb2e0",
    "bracket_low": 320,
    "bracket_high": 339
  },
  {
    "timestamp": 1774030017,
    "market_slug": "elon-musk-of-tweets-march-13-march-20-320-339",
    "event_slug": "elon-musk-of-tweets-march-13-march-20",
    "token_id": "82518446761093462403909660823871077900321697782520044657764741165674528823628",
    "outcome": "Yes",
    "side": "SELL",
    "price": 0.999,
    "size": 86.85,
    "transaction_hash": "0x794786cf2a3cf77101760c845ebfae76d9426f65c3255d21905ceafdea13ade8",
    "condition_id": "0xb810ea8d468ab4783ac913dc8fc848bda0981c87dc5c0eb885067159a1edb2e0",
    "bracket_low": 320,
    "bracket_high": 339
  },
  {
    "timestamp": 1774029907,
    "market_slug": "elon-musk-of-tweets-march-13-march-20-340-359",
    "event_slug": "elon-musk-of-tweets-march-13-march-20",
    "token_id": "78203566267050190393608608206243856253829364708683024977958097113104979739348",
    "outcome": "Yes",
    "side": "BUY",
    "price": 0.001,
    "size": 157,
    "transaction_hash": "0xdfdf9de6fd3ea6f85b964c1185f0bccfaa398b31647e90277decbd5041b5d2de",
    "condition_id": "0xacb2e2ac81a2c312af816cafcbc4642f350eddd27004f83d142e44fec00f88c1",
    "bracket_low": 340,
    "bracket_high": 359
  },
  {
    "timestamp": 1774029907,
    "market_slug": "elon-musk-of-tweets-march-13-march-20-320-339",
    "event_slug": "elon-musk-of-tweets-march-13-march-20",
    "token_id": "2078387433062678528341594284022090579269458787238990301986330427520767312650",
    "outcome": "No",
    "side": "BUY",
    "price": 0.001,
    "size": 415,
    "transaction_hash": "0xa55ada3afa45819891003fa45e0ccc010d8648c508d39aa2653f8d3a617132e6",
    "condition_id": "0xb810ea8d468ab4783ac913dc8fc848bda0981c87dc5c0eb885067159a1edb2e0",
    "bracket_low": 320,
    "bracket_high": 339
  },
  {
    "timestamp": 1774029907,
    "market_slug": "elon-musk-of-tweets-march-13-march-20-340-359",
    "event_slug": "elon-musk-of-tweets-march-13-march-20",
    "token_id": "47174379360977965773639096565340945997317912611421193432399073225644717922958",
    "outcome": "No",
    "side": "SELL",
    "price": 0.999,
    "size": 173,
    "transaction_hash": "0x31d0d02017012ec0976cc6efb03348a6dde1632add7cd45511bf58de4f304409",
    "condition_id": "0xacb2e2ac81a2c312af816cafcbc4642f350eddd27004f83d142e44fec00f88c1",
    "bracket_low": 340,
    "bracket_high": 359
  },
  {
    "timestamp": 1774029887,
    "market_slug": "elon-musk-of-tweets-march-13-march-20-320-339",
    "event_slug": "elon-musk-of-tweets-march-13-march-20",
    "token_id": "82518446761093462403909660823871077900321697782520044657764741165674528823628",
    "outcome": "Yes",
    "side": "SELL",
    "price": 0.999,
    "size": 58.63,
    "transaction_hash": "0x342f04cea9a7a243281678b4d9a174ef1b0d3a87c66f69db029f25682f0c3396",
    "condition_id": "0xb810ea8d468ab4783ac913dc8fc848bda0981c87dc5c0eb885067159a1edb2e0",
    "bracket_low": 320,
    "bracket_high": 339
  },
  {
    "timestamp": 1774029827,
    "market_slug": "elon-musk-of-tweets-march-13-march-20-320-339",
    "event_slug": "elon-musk-of-tweets-march-13-march-20",
    "token_id": "82518446761093462403909660823871077900321697782520044657764741165674528823628",
    "outcome": "Yes",
    "side": "SELL",
    "price": 0.999,
    "size": 99.99,
    "transaction_hash": "0x47eb5b58d3702453246ad0e61d54c22afdc6956ccbd108b402e69cb39eb0e42e",
    "condition_id": "0xb810ea8d468ab4783ac913dc8fc848bda0981c87dc5c0eb885067159a1edb2e0",
    "bracket_low": 320,
    "bracket_high": 339
  },
  {
    "timestamp": 1774029591,
    "market_slug": "elon-musk-of-tweets-march-13-march-20-340-359",
    "event_slug": "elon-musk-of-tweets-march-13-march-20",
    "token_id": "47174379360977965773639096565340945997317912611421193432399073225644717922958",
    "outcome": "No",
    "side": "SELL",
    "price": 0.999,
    "size": 5.6,
    "transaction_hash": "0xb1dd1edf81393fd3dd4b4e8a8a99ed884c8b17875fb9f66ba84397cb707bea16",
    "condition_id": "0xacb2e2ac81a2c312af816cafcbc4642f350eddd27004f83d142e44fec00f88c1",
    "bracket_low": 340,
    "bracket_high": 359
  },
  {
    "timestamp": 1774029487,
    "market_slug": "elon-musk-of-tweets-march-13-march-20-360-379",
    "event_slug": "elon-musk-of-tweets-march-13-march-20",
    "token_id": "79805242086096020227599892927449645557390063936828870468991520437286551075776",
    "outcome": "No",
    "side": "SELL",
    "price": 0.999,
    "size": 296.99,
    "transaction_hash": "0x992499f628b2fbc9dd77087726e8673127f56304fec6a4a1732b7482fd19caa3",
    "condition_id": "0x57b686c7fb5518730a47368dfa2523db169f3d2c37a4bf91400830c989f46bf8",
    "bracket_low": 360,
    "bracket_high": 379
  },
  {
    "timestamp": 1774029433,
    "market_slug": "elon-musk-of-tweets-march-13-march-20-320-339",
    "event_slug": "elon-musk-of-tweets-march-13-march-20",
    "token_id": "82518446761093462403909660823871077900321697782520044657764741165674528823628",
    "outcome": "Yes",
    "side": "SELL",
    "price": 0.999,
    "size": 3.8,
    "transaction_hash": "0xd51e4ad648a9ea6cb11d0d50269919a7934c729139fda8c4551b4865cfebaea4",
    "condition_id": "0xb810ea8d468ab4783ac913dc8fc848bda0981c87dc5c0eb885067159a1edb2e0",
    "bracket_low": 320,
    "bracket_high": 339
  },
  {
    "timestamp": 1774029423,
    "market_slug": "elon-musk-of-tweets-march-13-march-20-380-399",
    "event_slug": "elon-musk-of-tweets-march-13-march-20",
    "token_id": "34234407697743263295393245039257460055998256011280683193945359976303250295338",
    "outcome": "No",
    "side": "SELL",
    "price": 0.999,
    "size": 247.14,
    "transaction_hash": "0x4484588a53796190d34bc457e95c48b043198bb0d03329137e16d998d021873a",
    "condition_id": "0x5e727ec21989b0423e21c58986744955305f43013b5294f151f9971214b59d1b",
    "bracket_low": 380,
    "bracket_high": 399
  },
  {
    "timestamp": 1774029397,
    "market_slug": "elon-musk-of-tweets-march-13-march-20-360-379",
    "event_slug": "elon-musk-of-tweets-march-13-march-20",
    "token_id": "79805242086096020227599892927449645557390063936828870468991520437286551075776",
    "outcome": "No",
    "side": "SELL",
    "price": 0.999,
    "size": 132.61,
    "transaction_hash": "0x2a89650b3ca43b671b8b5d667eec10d65dc07d64106e696f1102576d043cad70",
    "condition_id": "0x57b686c7fb5518730a47368dfa2523db169f3d2c37a4bf91400830c989f46bf8",
    "bracket_low": 360,
    "bracket_high": 379
  },
  {
    "timestamp": 1774029317,
    "market_slug": "elon-musk-of-tweets-march-13-march-20-320-339",
    "event_slug": "elon-musk-of-tweets-march-13-march-20",
    "token_id": "82518446761093462403909660823871077900321697782520044657764741165674528823628",
    "outcome": "Yes",
    "side": "SELL",
    "price": 0.999,
    "size": 2.72,
    "transaction_hash": "0x0e5743f79e420a54dfb144dc9383b9215e6d501c18e63a2b0791138ab2f48a6c",
    "condition_id": "0xb810ea8d468ab4783ac913dc8fc848bda0981c87dc5c0eb885067159a1edb2e0",
    "bracket_low": 320,
    "bracket_high": 339
  },
  {
    "timestamp": 1774029303,
    "market_slug": "elon-musk-of-tweets-march-13-march-20-340-359",
    "event_slug": "elon-musk-of-tweets-march-13-march-20",
    "token_id": "47174379360977965773639096565340945997317912611421193432399073225644717922958",
    "outcome": "No",
    "side": "SELL",
    "price": 0.999,
    "size": 3.1,
    "transaction_hash": "0x0924fbbc6cef0ea14cb28c5b214304bba02b4dc5a2f89cfbc7dd99fdafe3504a",
    "condition_id": "0xacb2e2ac81a2c312af816cafcbc4642f350eddd27004f83d142e44fec00f88c1",
    "bracket_low": 340,
    "bracket_high": 359
  },
  {
    "timestamp": 1774029287,
    "market_slug": "elon-musk-of-tweets-march-13-march-20-320-339",
    "event_slug": "elon-musk-of-tweets-march-13-march-20",
    "token_id": "82518446761093462403909660823871077900321697782520044657764741165674528823628",
    "outcome": "Yes",
    "side": "SELL",
    "price": 0.999,
    "size": 20,
    "transaction_hash": "0x5d8a6efe04196e016d0c66dc279dbe16961aacb1116183ded4755dc745edef77",
    "condition_id": "0xb810ea8d468ab4783ac913dc8fc848bda0981c87dc5c0eb885067159a1edb2e0",
    "bracket_low": 320,
    "bracket_high": 339
  },
  {
    "timestamp": 1774029269,
    "market_slug": "elon-musk-of-tweets-march-13-march-20-320-339",
    "event_slug": "elon-musk-of-tweets-march-13-march-20",
    "token_id": "82518446761093462403909660823871077900321697782520044657764741165674528823628",
    "outcome": "Yes",
    "side": "SELL",
    "price": 0.999,
    "size": 1000.01,
    "transaction_hash": "0xde0024a26c0f17e1eec112891c1bd91cc80fcdd129bb1b37d445f7435f65ce14",
    "condition_id": "0xb810ea8d468ab4783ac913dc8fc848bda0981c87dc5c0eb885067159a1edb2e0",
    "bracket_low": 320,
    "bracket_high": 339
  },
  {
    "timestamp": 1774029251,
    "market_slug": "elon-musk-of-tweets-march-13-march-20-320-339",
    "event_slug": "elon-musk-of-tweets-march-13-march-20",
    "token_id": "82518446761093462403909660823871077900321697782520044657764741165674528823628",
    "outcome": "Yes",
    "side": "SELL",
    "price": 0.999,
    "size": 145.31,
    "transaction_hash": "0x6911c6b643044b60f29e71a75daa86e9b9e32a743645ac8af84bbe47f35ae3d3",
    "condition_id": "0xb810ea8d468ab4783ac913dc8fc848bda0981c87dc5c0eb885067159a1edb2e0",
    "bracket_low": 320,
    "bracket_high": 339
  },
  {
    "timestamp": 1774029123,
    "market_slug": "elon-musk-of-tweets-march-13-march-20-380-399",
    "event_slug": "elon-musk-of-tweets-march-13-march-20",
    "token_id": "33341329219030895810207274539687355802657305355256471078246022793359445267950",
    "outcome": "Yes",
    "side": "BUY",
    "price": 0.001,
    "size": 1160,
    "transaction_hash": "0x57fda4deb11b30d0122e111650284bf381c45cda0fd8a7be7ca26641a67dcc8c",
    "condition_id": "0x5e727ec21989b0423e21c58986744955305f43013b5294f151f9971214b59d1b",
    "bracket_low": 380,
    "bracket_high": 399
  },
  {
    "timestamp": 1774029101,
    "market_slug": "elon-musk-of-tweets-march-13-march-20-320-339",
    "event_slug": "elon-musk-of-tweets-march-13-march-20",
    "token_id": "82518446761093462403909660823871077900321697782520044657764741165674528823628",
    "outcome": "Yes",
    "side": "SELL",
    "price": 0.999,
    "size": 95.86,
    "transaction_hash": "0xd6e2efdc2dfb69469bd112abf10a15088ed1c0ba0ddff6c42708710b89021600",
    "condition_id": "0xb810ea8d468ab4783ac913dc8fc848bda0981c87dc5c0eb885067159a1edb2e0",
    "bracket_low": 320,
    "bracket_high": 339
  },
  {
    "timestamp": 1774028865,
    "market_slug": "elon-musk-of-tweets-march-13-march-20-320-339",
    "event_slug": "elon-musk-of-tweets-march-13-march-20",
    "token_id": "82518446761093462403909660823871077900321697782520044657764741165674528823628",
    "outcome": "Yes",
    "side": "SELL",
    "price": 0.999,
    "size": 11.51,
    "transaction_hash": "0x671bf7e78a2ff26d1bc86f37936cbf608afc6a043e770174d31166da71f47997",
    "condition_id": "0xb810ea8d468ab4783ac913dc8fc848bda0981c87dc5c0eb885067159a1edb2e0",
    "bracket_low": 320,
    "bracket_high": 339
  },
  {
    "timestamp": 1774028859,
    "market_slug": "elon-musk-of-tweets-march-13-march-20-320-339",
    "event_slug": "elon-musk-of-tweets-march-13-march-20",
    "token_id": "82518446761093462403909660823871077900321697782520044657764741165674528823628",
    "outcome": "Yes",
    "side": "SELL",
    "price": 0.999,
    "size": 4.79,
    "transaction_hash": "0x334434ea214f68dd1f8b082d0f2618fdd314234ce058f6f1b5b0c284e3e41151",
    "condition_id": "0xb810ea8d468ab4783ac913dc8fc848bda0981c87dc5c0eb885067159a1edb2e0",
    "bracket_low": 320,
    "bracket_high": 339
  },
  {
    "timestamp": 1774028731,
    "market_slug": "elon-musk-of-tweets-march-13-march-20-320-339",
    "event_slug": "elon-musk-of-tweets-march-13-march-20",
    "token_id": "82518446761093462403909660823871077900321697782520044657764741165674528823628",
    "outcome": "Yes",
    "side": "SELL",
    "price": 0.999,
    "size": 100,
    "transaction_hash": "0x8d67132e7d7435d4d98600c59ea2cb18cd467afc54726e3f92ba4a6d10d50673",
    "condition_id": "0xb810ea8d468ab4783ac913dc8fc848bda0981c87dc5c0eb885067159a1edb2e0",
    "bracket_low": 320,
    "bracket_high": 339
  },
  {
    "timestamp": 1774028675,
    "market_slug": "elon-musk-of-tweets-march-13-march-20-320-339",
    "event_slug": "elon-musk-of-tweets-march-13-march-20",
    "token_id": "82518446761093462403909660823871077900321697782520044657764741165674528823628",
    "outcome": "Yes",
    "side": "SELL",
    "price": 0.999,
    "size": 17.57,
    "transaction_hash": "0xd9a7de90b81a1c211391cb72295ca16a302816c86dc3275808db95abefde77ec",
    "condition_id": "0xb810ea8d468ab4783ac913dc8fc848bda0981c87dc5c0eb885067159a1edb2e0",
    "bracket_low": 320,
    "bracket_high": 339
  },
  {
    "timestamp": 1774028615,
    "market_slug": "elon-musk-of-tweets-march-13-march-20-340-359",
    "event_slug": "elon-musk-of-tweets-march-13-march-20",
    "token_id": "78203566267050190393608608206243856253829364708683024977958097113104979739348",
    "outcome": "Yes",
    "side": "BUY",
    "price": 0.001,
    "size": 1000,
    "transaction_hash": "0x5d0f32cdc1aef05f157a68a9ba8ac286c025b14088ffb289ed252824a83f7c77",
    "condition_id": "0xacb2e2ac81a2c312af816cafcbc4642f350eddd27004f83d142e44fec00f88c1",
    "bracket_low": 340,
    "bracket_high": 359
  },
  {
    "timestamp": 1774028597,
    "market_slug": "elon-musk-of-tweets-march-13-march-20-320-339",
    "event_slug": "elon-musk-of-tweets-march-13-march-20",
    "token_id": "2078387433062678528341594284022090579269458787238990301986330427520767312650",
    "outcome": "No",
    "side": "BUY",
    "price": 0.001,
    "size": 33340,
    "transaction_hash": "0xef6812a51eba93e98632ca4cef7ab3edf37e83d8a610b8e2ab10a7e97e7cf080",
    "condition_id": "0xb810ea8d468ab4783ac913dc8fc848bda0981c87dc5c0eb885067159a1edb2e0",
    "bracket_low": 320,
    "bracket_high": 339
  },
  {
    "timestamp": 1774028459,
    "market_slug": "elon-musk-of-tweets-march-13-march-20-320-339",
    "event_slug": "elon-musk-of-tweets-march-13-march-20",
    "token_id": "82518446761093462403909660823871077900321697782520044657764741165674528823628",
    "outcome": "Yes",
    "side": "SELL",
    "price": 0.999,
    "size": 16.69,
    "transaction_hash": "0x073cd86ce139cbc682694d8f880e25f247bdd3bb4756b19a6f8d704aeea3152c",
    "condition_id": "0xb810ea8d468ab4783ac913dc8fc848bda0981c87dc5c0eb885067159a1edb2e0",
    "bracket_low": 320,
    "bracket_high": 339
  },
  {
    "timestamp": 1774028439,
    "market_slug": "elon-musk-of-tweets-march-13-march-20-320-339",
    "event_slug": "elon-musk-of-tweets-march-13-march-20",
    "token_id": "82518446761093462403909660823871077900321697782520044657764741165674528823628",
    "outcome": "Yes",
    "side": "SELL",
    "price": 0.999,
    "size": 302.28,
    "transaction_hash": "0xde823614e6ad1e78a79666af99e2e9a3e6e27f953c742165eb841571c56027fc",
    "condition_id": "0xb810ea8d468ab4783ac913dc8fc848bda0981c87dc5c0eb885067159a1edb2e0",
    "bracket_low": 320,
    "bracket_high": 339
  },
  {
    "timestamp": 1774028341,
    "market_slug": "elon-musk-of-tweets-march-13-march-20-320-339",
    "event_slug": "elon-musk-of-tweets-march-13-march-20",
    "token_id": "82518446761093462403909660823871077900321697782520044657764741165674528823628",
    "outcome": "Yes",
    "side": "SELL",
    "price": 0.999,
    "size": 200,
    "transaction_hash": "0xa1c9039ef01c6b80c955dbb6d19fec2d69996fb5622cfb5aab985c00df18f500",
    "condition_id": "0xb810ea8d468ab4783ac913dc8fc848bda0981c87dc5c0eb885067159a1edb2e0",
    "bracket_low": 320,
    "bracket_high": 339
  },
  {
    "timestamp": 1774028331,
    "market_slug": "elon-musk-of-tweets-march-13-march-20-320-339",
    "event_slug": "elon-musk-of-tweets-march-13-march-20",
    "token_id": "82518446761093462403909660823871077900321697782520044657764741165674528823628",
    "outcome": "Yes",
    "side": "SELL",
    "price": 0.999,
    "size": 599.98,
    "transaction_hash": "0x46145d3b2e7158d8d753954c5e9d78b6ac20759f6860a3103a218b8a0e383c19",
    "condition_id": "0xb810ea8d468ab4783ac913dc8fc848bda0981c87dc5c0eb885067159a1edb2e0",
    "bracket_low": 320,
    "bracket_high": 339
  },
  {
    "timestamp": 1774028269,
    "market_slug": "elon-musk-of-tweets-march-13-march-20-320-339",
    "event_slug": "elon-musk-of-tweets-march-13-march-20",
    "token_id": "82518446761093462403909660823871077900321697782520044657764741165674528823628",
    "outcome": "Yes",
    "side": "SELL",
    "price": 0.999,
    "size": 52.57,
    "transaction_hash": "0xcd64b1c262360e67b3e26d9c41e5a51362db23461fe5237c2f4ddd54d4c84296",
    "condition_id": "0xb810ea8d468ab4783ac913dc8fc848bda0981c87dc5c0eb885067159a1edb2e0",
    "bracket_low": 320,
    "bracket_high": 339
  },
  {
    "timestamp": 1774028223,
    "market_slug": "elon-musk-of-tweets-march-13-march-20-360-379",
    "event_slug": "elon-musk-of-tweets-march-13-march-20",
    "token_id": "79805242086096020227599892927449645557390063936828870468991520437286551075776",
    "outcome": "No",
    "side": "SELL",
    "price": 0.999,
    "size": 71.98,
    "transaction_hash": "0x6afcc587b2c0fc0da35a7a4c0449f938b405082c5e3d8ec7e5ac3c70b25ecde3",
    "condition_id": "0x57b686c7fb5518730a47368dfa2523db169f3d2c37a4bf91400830c989f46bf8",
    "bracket_low": 360,
    "bracket_high": 379
  },
  {
    "timestamp": 1774028221,
    "market_slug": "elon-musk-of-tweets-march-13-march-20-320-339",
    "event_slug": "elon-musk-of-tweets-march-13-march-20",
    "token_id": "82518446761093462403909660823871077900321697782520044657764741165674528823628",
    "outcome": "Yes",
    "side": "SELL",
    "price": 0.999,
    "size": 124.14,
    "transaction_hash": "0x3ea496cd2bc9def5946d32557e2c25ba83006a171156aceb623f8a9562047aa8",
    "condition_id": "0xb810ea8d468ab4783ac913dc8fc848bda0981c87dc5c0eb885067159a1edb2e0",
    "bracket_low": 320,
    "bracket_high": 339
  },
  {
    "timestamp": 1774028207,
    "market_slug": "elon-musk-of-tweets-march-13-march-20-360-379",
    "event_slug": "elon-musk-of-tweets-march-13-march-20",
    "token_id": "79805242086096020227599892927449645557390063936828870468991520437286551075776",
    "outcome": "No",
    "side": "SELL",
    "price": 0.999,
    "size": 52,
    "transaction_hash": "0xff4be1cbd7dc61f0e328a628b3d8b80eddcabc1a37f8bd2f928447545f99ba4a",
    "condition_id": "0x57b686c7fb5518730a47368dfa2523db169f3d2c37a4bf91400830c989f46bf8",
    "bracket_low": 360,
    "bracket_high": 379
  },
  {
    "timestamp": 1774028203,
    "market_slug": "elon-musk-of-tweets-march-13-march-20-380-399",
    "event_slug": "elon-musk-of-tweets-march-13-march-20",
    "token_id": "34234407697743263295393245039257460055998256011280683193945359976303250295338",
    "outcome": "No",
    "side": "SELL",
    "price": 0.999,
    "size": 2.97,
    "transaction_hash": "0x9379041a989c90d2141f2a054aae40d818de24379b745134334557eeac2688da",
    "condition_id": "0x5e727ec21989b0423e21c58986744955305f43013b5294f151f9971214b59d1b",
    "bracket_low": 380,
    "bracket_high": 399
  },
  {
    "timestamp": 1774028181,
    "market_slug": "elon-musk-of-tweets-march-13-march-20-380-399",
    "event_slug": "elon-musk-of-tweets-march-13-march-20",
    "token_id": "34234407697743263295393245039257460055998256011280683193945359976303250295338",
    "outcome": "No",
    "side": "SELL",
    "price": 0.999,
    "size": 300,
    "transaction_hash": "0x7d6e83871221d97557c0b949537837c293f8aaa03122a3dd4466c6f73ddaf2ee",
    "condition_id": "0x5e727ec21989b0423e21c58986744955305f43013b5294f151f9971214b59d1b",
    "bracket_low": 380,
    "bracket_high": 399
  },
  {
    "timestamp": 1774028173,
    "market_slug": "elon-musk-of-tweets-march-13-march-20-320-339",
    "event_slug": "elon-musk-of-tweets-march-13-march-20",
    "token_id": "82518446761093462403909660823871077900321697782520044657764741165674528823628",
    "outcome": "Yes",
    "side": "SELL",
    "price": 0.999,
    "size": 10.08,
    "transaction_hash": "0x1140c795d92b77a37235cd1386d465910cc3f7f375fa6952328f69845ab410b3",
    "condition_id": "0xb810ea8d468ab4783ac913dc8fc848bda0981c87dc5c0eb885067159a1edb2e0",
    "bracket_low": 320,
    "bracket_high": 339
  },
  {
    "timestamp": 1774028089,
    "market_slug": "elon-musk-of-tweets-march-13-march-20-320-339",
    "event_slug": "elon-musk-of-tweets-march-13-march-20",
    "token_id": "82518446761093462403909660823871077900321697782520044657764741165674528823628",
    "outcome": "Yes",
    "side": "SELL",
    "price": 0.999,
    "size": 10.32,
    "transaction_hash": "0xb8df234aed16554ba0c4de2fde360e6a108e6d3aeeb2dab9ba63f7ed640e9646",
    "condition_id": "0xb810ea8d468ab4783ac913dc8fc848bda0981c87dc5c0eb885067159a1edb2e0",
    "bracket_low": 320,
    "bracket_high": 339
  },
  {
    "timestamp": 1774028019,
    "market_slug": "elon-musk-of-tweets-march-13-march-20-320-339",
    "event_slug": "elon-musk-of-tweets-march-13-march-20",
    "token_id": "82518446761093462403909660823871077900321697782520044657764741165674528823628",
    "outcome": "Yes",
    "side": "SELL",
    "price": 0.999,
    "size": 649.76,
    "transaction_hash": "0x1059e7576d9e1f945e9b0b690007481584d3971e353ed922eed9e1fb2c2db410",
    "condition_id": "0xb810ea8d468ab4783ac913dc8fc848bda0981c87dc5c0eb885067159a1edb2e0",
    "bracket_low": 320,
    "bracket_high": 339
  },
  {
    "timestamp": 1774028001,
    "market_slug": "elon-musk-of-tweets-march-13-march-20-320-339",
    "event_slug": "elon-musk-of-tweets-march-13-march-20",
    "token_id": "82518446761093462403909660823871077900321697782520044657764741165674528823628",
    "outcome": "Yes",
    "side": "SELL",
    "price": 0.999,
    "size": 23.86,
    "transaction_hash": "0x48fa2fd600512cc6c3651a3e2929bcb2775e1ff3a8e76b316ebb601080e3d619",
    "condition_id": "0xb810ea8d468ab4783ac913dc8fc848bda0981c87dc5c0eb885067159a1edb2e0",
    "bracket_low": 320,
    "bracket_high": 339
  },
  {
    "timestamp": 1774027921,
    "market_slug": "elon-musk-of-tweets-march-13-march-20-340-359",
    "event_slug": "elon-musk-of-tweets-march-13-march-20",
    "token_id": "47174379360977965773639096565340945997317912611421193432399073225644717922958",
    "outcome": "No",
    "side": "SELL",
    "price": 0.999,
    "size": 2,
    "transaction_hash": "0xf4b09dcd7504fedaeeb0f8e406a5b1af98f81faaba1bb60b4759cae087e7eda6",
    "condition_id": "0xacb2e2ac81a2c312af816cafcbc4642f350eddd27004f83d142e44fec00f88c1",
    "bracket_low": 340,
    "bracket_high": 359
  },
  {
    "timestamp": 1774027921,
    "market_slug": "elon-musk-of-tweets-march-13-march-20-320-339",
    "event_slug": "elon-musk-of-tweets-march-13-march-20",
    "token_id": "82518446761093462403909660823871077900321697782520044657764741165674528823628",
    "outcome": "Yes",
    "side": "SELL",
    "price": 0.999,
    "size": 292.46,
    "transaction_hash": "0xb6451f7b6096faf94293683fd500b50e03105c0aa832c19a95bcd7525984d442",
    "condition_id": "0xb810ea8d468ab4783ac913dc8fc848bda0981c87dc5c0eb885067159a1edb2e0",
    "bracket_low": 320,
    "bracket_high": 339
  },
  {
    "timestamp": 1774027913,
    "market_slug": "elon-musk-of-tweets-march-13-march-20-340-359",
    "event_slug": "elon-musk-of-tweets-march-13-march-20",
    "token_id": "47174379360977965773639096565340945997317912611421193432399073225644717922958",
    "outcome": "No",
    "side": "SELL",
    "price": 0.999,
    "size": 35.27,
    "transaction_hash": "0xea4d8d26c6515013e63114dbe63e295fd369d0fab59a3ae9e9befe55a3e88624",
    "condition_id": "0xacb2e2ac81a2c312af816cafcbc4642f350eddd27004f83d142e44fec00f88c1",
    "bracket_low": 340,
    "bracket_high": 359
  },
  {
    "timestamp": 1774027805,
    "market_slug": "elon-musk-of-tweets-march-13-march-20-320-339",
    "event_slug": "elon-musk-of-tweets-march-13-march-20",
    "token_id": "82518446761093462403909660823871077900321697782520044657764741165674528823628",
    "outcome": "Yes",
    "side": "SELL",
    "price": 0.999,
    "size": 500,
    "transaction_hash": "0x6c08bc476a6ed387f11de135a8f40c03f4afcac3ab5bfeda9c487ce7df787012",
    "condition_id": "0xb810ea8d468ab4783ac913dc8fc848bda0981c87dc5c0eb885067159a1edb2e0",
    "bracket_low": 320,
    "bracket_high": 339
  },
  {
    "timestamp": 1774027773,
    "market_slug": "elon-musk-of-tweets-march-13-march-20-320-339",
    "event_slug": "elon-musk-of-tweets-march-13-march-20",
    "token_id": "82518446761093462403909660823871077900321697782520044657764741165674528823628",
    "outcome": "Yes",
    "side": "SELL",
    "price": 0.999,
    "size": 5,
    "transaction_hash": "0x36ff7b8cbdc3f35907dcf4f6e68ca7a7eb772bc77a8433d19879e0d8779e8187",
    "condition_id": "0xb810ea8d468ab4783ac913dc8fc848bda0981c87dc5c0eb885067159a1edb2e0",
    "bracket_low": 320,
    "bracket_high": 339
  },
  {
    "timestamp": 1774027751,
    "market_slug": "elon-musk-of-tweets-march-13-march-20-360-379",
    "event_slug": "elon-musk-of-tweets-march-13-march-20",
    "token_id": "79805242086096020227599892927449645557390063936828870468991520437286551075776",
    "outcome": "No",
    "side": "SELL",
    "price": 0.999,
    "size": 3881.03,
    "transaction_hash": "0x9a8f3c75edac9299a4f42a626b9a5abe83749c7c77eb79d958e7a77f7fceef43",
    "condition_id": "0x57b686c7fb5518730a47368dfa2523db169f3d2c37a4bf91400830c989f46bf8",
    "bracket_low": 360,
    "bracket_high": 379
  },
  {
    "timestamp": 1774027355,
    "market_slug": "elon-musk-of-tweets-march-13-march-20-320-339",
    "event_slug": "elon-musk-of-tweets-march-13-march-20",
    "token_id": "2078387433062678528341594284022090579269458787238990301986330427520767312650",
    "outcome": "No",
    "side": "BUY",
    "price": 0.001,
    "size": 1000,
    "transaction_hash": "0x7cdd6005fe9607a71f32af604f25dc368b66f298afdbd796d4cb028c634733ca",
    "condition_id": "0xb810ea8d468ab4783ac913dc8fc848bda0981c87dc5c0eb885067159a1edb2e0",
    "bracket_low": 320,
    "bracket_high": 339
  },
  {
    "timestamp": 1774027343,
    "market_slug": "elon-musk-of-tweets-march-13-march-20-340-359",
    "event_slug": "elon-musk-of-tweets-march-13-march-20",
    "token_id": "78203566267050190393608608206243856253829364708683024977958097113104979739348",
    "outcome": "Yes",
    "side": "BUY",
    "price": 0.001,
    "size": 1000,
    "transaction_hash": "0xa5066eac260c08088f8383e6840fbfbe5ca1c6c52b50b54a5279f700fcaf3d70",
    "condition_id": "0xacb2e2ac81a2c312af816cafcbc4642f350eddd27004f83d142e44fec00f88c1",
    "bracket_low": 340,
    "bracket_high": 359
  },
  {
    "timestamp": 1774026925,
    "market_slug": "elon-musk-of-tweets-march-13-march-20-320-339",
    "event_slug": "elon-musk-of-tweets-march-13-march-20",
    "token_id": "82518446761093462403909660823871077900321697782520044657764741165674528823628",
    "outcome": "Yes",
    "side": "SELL",
    "price": 0.999,
    "size": 1037.33,
    "transaction_hash": "0x6d9a516fd60d9d222ff90b2c2db5e0b7773e0c53959b5fcb09c6be2ebbd1edb0",
    "condition_id": "0xb810ea8d468ab4783ac913dc8fc848bda0981c87dc5c0eb885067159a1edb2e0",
    "bracket_low": 320,
    "bracket_high": 339
  },
  {
    "timestamp": 1774026925,
    "market_slug": "elon-musk-of-tweets-march-13-march-20-320-339",
    "event_slug": "elon-musk-of-tweets-march-13-march-20",
    "token_id": "82518446761093462403909660823871077900321697782520044657764741165674528823628",
    "outcome": "Yes",
    "side": "SELL",
    "price": 0.999,
    "size": 2000,
    "transaction_hash": "0x79db0f1443a89325dab102716d92c9280329ed67b39908c72262808d95629f20",
    "condition_id": "0xb810ea8d468ab4783ac913dc8fc848bda0981c87dc5c0eb885067159a1edb2e0",
    "bracket_low": 320,
    "bracket_high": 339
  },
  {
    "timestamp": 1774026921,
    "market_slug": "elon-musk-of-tweets-march-13-march-20-320-339",
    "event_slug": "elon-musk-of-tweets-march-13-march-20",
    "token_id": "82518446761093462403909660823871077900321697782520044657764741165674528823628",
    "outcome": "Yes",
    "side": "SELL",
    "price": 0.999,
    "size": 2.39,
    "transaction_hash": "0x9950e58e48fe062f1cb8682464943335600c2f2ed373651350fc171a40cd1476",
    "condition_id": "0xb810ea8d468ab4783ac913dc8fc848bda0981c87dc5c0eb885067159a1edb2e0",
    "bracket_low": 320,
    "bracket_high": 339
  },
  {
    "timestamp": 1774026875,
    "market_slug": "elon-musk-of-tweets-march-13-march-20-320-339",
    "event_slug": "elon-musk-of-tweets-march-13-march-20",
    "token_id": "82518446761093462403909660823871077900321697782520044657764741165674528823628",
    "outcome": "Yes",
    "side": "SELL",
    "price": 0.999,
    "size": 277.89,
    "transaction_hash": "0xc21e55763b94a36d1e7e437828df48d26682712d4acfac7c5acad960a14e47fb",
    "condition_id": "0xb810ea8d468ab4783ac913dc8fc848bda0981c87dc5c0eb885067159a1edb2e0",
    "bracket_low": 320,
    "bracket_high": 339
  },
  {
    "timestamp": 1774026641,
    "market_slug": "elon-musk-of-tweets-march-13-march-20-320-339",
    "event_slug": "elon-musk-of-tweets-march-13-march-20",
    "token_id": "82518446761093462403909660823871077900321697782520044657764741165674528823628",
    "outcome": "Yes",
    "side": "SELL",
    "price": 0.999,
    "size": 9.69,
    "transaction_hash": "0xfccea2bbc3eabaa14e9e824a02a8d86626de52adf5810231e491c2de30118e6f",
    "condition_id": "0xb810ea8d468ab4783ac913dc8fc848bda0981c87dc5c0eb885067159a1edb2e0",
    "bracket_low": 320,
    "bracket_high": 339
  },
  {
    "timestamp": 1774026457,
    "market_slug": "elon-musk-of-tweets-march-13-march-20-320-339",
    "event_slug": "elon-musk-of-tweets-march-13-march-20",
    "token_id": "82518446761093462403909660823871077900321697782520044657764741165674528823628",
    "outcome": "Yes",
    "side": "SELL",
    "price": 0.999,
    "size": 1038.82,
    "transaction_hash": "0x4472362f84008937351efce917d7d7d439b259809595bd7229b1256c1e6291e6",
    "condition_id": "0xb810ea8d468ab4783ac913dc8fc848bda0981c87dc5c0eb885067159a1edb2e0",
    "bracket_low": 320,
    "bracket_high": 339
  },
  {
    "timestamp": 1774026411,
    "market_slug": "elon-musk-of-tweets-march-13-march-20-320-339",
    "event_slug": "elon-musk-of-tweets-march-13-march-20",
    "token_id": "82518446761093462403909660823871077900321697782520044657764741165674528823628",
    "outcome": "Yes",
    "side": "SELL",
    "price": 0.999,
    "size": 12.06,
    "transaction_hash": "0xaef0f8ec076e7df73379bc8d62274b4403286a25597addd34190c764b09ade73",
    "condition_id": "0xb810ea8d468ab4783ac913dc8fc848bda0981c87dc5c0eb885067159a1edb2e0",
    "bracket_low": 320,
    "bracket_high": 339
  },
  {
    "timestamp": 1774026373,
    "market_slug": "elon-musk-of-tweets-march-13-march-20-320-339",
    "event_slug": "elon-musk-of-tweets-march-13-march-20",
    "token_id": "82518446761093462403909660823871077900321697782520044657764741165674528823628",
    "outcome": "Yes",
    "side": "SELL",
    "price": 0.999,
    "size": 10,
    "transaction_hash": "0xf749167b41b7cb430b44ad0fe015d9335a0aea8c568abade8ad7b62f2ca9faee",
    "condition_id": "0xb810ea8d468ab4783ac913dc8fc848bda0981c87dc5c0eb885067159a1edb2e0",
    "bracket_low": 320,
    "bracket_high": 339
  },
  {
    "timestamp": 1774026371,
    "market_slug": "elon-musk-of-tweets-march-13-march-20-340-359",
    "event_slug": "elon-musk-of-tweets-march-13-march-20",
    "token_id": "47174379360977965773639096565340945997317912611421193432399073225644717922958",
    "outcome": "No",
    "side": "SELL",
    "price": 0.999,
    "size": 4.94,
    "transaction_hash": "0xda549786b23c58589294e84fd89ec2956914f3b6427c37a8959aea548dbf42d3",
    "condition_id": "0xacb2e2ac81a2c312af816cafcbc4642f350eddd27004f83d142e44fec00f88c1",
    "bracket_low": 340,
    "bracket_high": 359
  },
  {
    "timestamp": 1774026357,
    "market_slug": "elon-musk-of-tweets-march-13-march-20-320-339",
    "event_slug": "elon-musk-of-tweets-march-13-march-20",
    "token_id": "82518446761093462403909660823871077900321697782520044657764741165674528823628",
    "outcome": "Yes",
    "side": "SELL",
    "price": 0.999,
    "size": 395.96,
    "transaction_hash": "0xaf86b45b355ce3fe8ff6a3e349fdb39bbff4bbf20a6cf3874307f4fd19175cdd",
    "condition_id": "0xb810ea8d468ab4783ac913dc8fc848bda0981c87dc5c0eb885067159a1edb2e0",
    "bracket_low": 320,
    "bracket_high": 339
  },
  {
    "timestamp": 1774026297,
    "market_slug": "elon-musk-of-tweets-march-13-march-20-320-339",
    "event_slug": "elon-musk-of-tweets-march-13-march-20",
    "token_id": "82518446761093462403909660823871077900321697782520044657764741165674528823628",
    "outcome": "Yes",
    "side": "SELL",
    "price": 0.999,
    "size": 34.2,
    "transaction_hash": "0xbb91de4aa0d5bece05b6994d63d8db35cabb8060422b8e63188831c5533abafe",
    "condition_id": "0xb810ea8d468ab4783ac913dc8fc848bda0981c87dc5c0eb885067159a1edb2e0",
    "bracket_low": 320,
    "bracket_high": 339
  },
  {
    "timestamp": 1774026265,
    "market_slug": "elon-musk-of-tweets-march-13-march-20-360-379",
    "event_slug": "elon-musk-of-tweets-march-13-march-20",
    "token_id": "79805242086096020227599892927449645557390063936828870468991520437286551075776",
    "outcome": "No",
    "side": "SELL",
    "price": 0.999,
    "size": 9.43,
    "transaction_hash": "0x385013e6c6f3a7567b5a3ea923736c63cf13fa2294d37509d5f77334c560c7f5",
    "condition_id": "0x57b686c7fb5518730a47368dfa2523db169f3d2c37a4bf91400830c989f46bf8",
    "bracket_low": 360,
    "bracket_high": 379
  },
  {
    "timestamp": 1774026251,
    "market_slug": "elon-musk-of-tweets-march-13-march-20-320-339",
    "event_slug": "elon-musk-of-tweets-march-13-march-20",
    "token_id": "82518446761093462403909660823871077900321697782520044657764741165674528823628",
    "outcome": "Yes",
    "side": "SELL",
    "price": 0.999,
    "size": 47.92,
    "transaction_hash": "0x6d7f3a1a8a86f5d3c7c3fa2a621afd55c3f6d54bd72bde1a8fe9aa146b7fe177",
    "condition_id": "0xb810ea8d468ab4783ac913dc8fc848bda0981c87dc5c0eb885067159a1edb2e0",
    "bracket_low": 320,
    "bracket_high": 339
  },
  {
    "timestamp": 1774026215,
    "market_slug": "elon-musk-of-tweets-march-13-march-20-320-339",
    "event_slug": "elon-musk-of-tweets-march-13-march-20",
    "token_id": "82518446761093462403909660823871077900321697782520044657764741165674528823628",
    "outcome": "Yes",
    "side": "SELL",
    "price": 0.999,
    "size": 261.59,
    "transaction_hash": "0x0c43603718a897fe0abe5ba748dc2c0219e23f5028683b4d0b052dc866ce986b",
    "condition_id": "0xb810ea8d468ab4783ac913dc8fc848bda0981c87dc5c0eb885067159a1edb2e0",
    "bracket_low": 320,
    "bracket_high": 339
  },
  {
    "timestamp": 1774026093,
    "market_slug": "elon-musk-of-tweets-march-13-march-20-320-339",
    "event_slug": "elon-musk-of-tweets-march-13-march-20",
    "token_id": "82518446761093462403909660823871077900321697782520044657764741165674528823628",
    "outcome": "Yes",
    "side": "SELL",
    "price": 0.999,
    "size": 3.16,
    "transaction_hash": "0xad9a3ef94c26436ebe3ddc148a5df4a5b38044498fa742b6252751402db64985",
    "condition_id": "0xb810ea8d468ab4783ac913dc8fc848bda0981c87dc5c0eb885067159a1edb2e0",
    "bracket_low": 320,
    "bracket_high": 339
  },
  {
    "timestamp": 1774026063,
    "market_slug": "elon-musk-of-tweets-march-13-march-20-320-339",
    "event_slug": "elon-musk-of-tweets-march-13-march-20",
    "token_id": "82518446761093462403909660823871077900321697782520044657764741165674528823628",
    "outcome": "Yes",
    "side": "SELL",
    "price": 0.999,
    "size": 34.33,
    "transaction_hash": "0xf8483f80f8ab72afbfa3f5eac3355992564eae8fef643ce5d19ca544ac511d9f",
    "condition_id": "0xb810ea8d468ab4783ac913dc8fc848bda0981c87dc5c0eb885067159a1edb2e0",
    "bracket_low": 320,
    "bracket_high": 339
  },
  {
    "timestamp": 1774025977,
    "market_slug": "elon-musk-of-tweets-march-13-march-20-360-379",
    "event_slug": "elon-musk-of-tweets-march-13-march-20",
    "token_id": "79805242086096020227599892927449645557390063936828870468991520437286551075776",
    "outcome": "No",
    "side": "SELL",
    "price": 0.999,
    "size": 9,
    "transaction_hash": "0x59272e9042ebe3d8f5220150b21ba907af0711779a23899e42f78d6f17c879a1",
    "condition_id": "0x57b686c7fb5518730a47368dfa2523db169f3d2c37a4bf91400830c989f46bf8",
    "bracket_low": 360,
    "bracket_high": 379
  },
  {
    "timestamp": 1774025943,
    "market_slug": "elon-musk-of-tweets-march-13-march-20-320-339",
    "event_slug": "elon-musk-of-tweets-march-13-march-20",
    "token_id": "82518446761093462403909660823871077900321697782520044657764741165674528823628",
    "outcome": "Yes",
    "side": "SELL",
    "price": 0.999,
    "size": 104.8,
    "transaction_hash": "0xc8060cb569afe102f5c26ed3ea3e3e0fbb4160684a9f71176b57a9d0d3ad91e9",
    "condition_id": "0xb810ea8d468ab4783ac913dc8fc848bda0981c87dc5c0eb885067159a1edb2e0",
    "bracket_low": 320,
    "bracket_high": 339
  },
  {
    "timestamp": 1774025923,
    "market_slug": "elon-musk-of-tweets-march-13-march-20-320-339",
    "event_slug": "elon-musk-of-tweets-march-13-march-20",
    "token_id": "82518446761093462403909660823871077900321697782520044657764741165674528823628",
    "outcome": "Yes",
    "side": "SELL",
    "price": 0.999,
    "size": 9.83,
    "transaction_hash": "0x771c0fbd074e5253a98651057dfe173b8f8b4ae91cd459443a679321a70dcb64",
    "condition_id": "0xb810ea8d468ab4783ac913dc8fc848bda0981c87dc5c0eb885067159a1edb2e0",
    "bracket_low": 320,
    "bracket_high": 339
  },
  {
    "timestamp": 1774025921,
    "market_slug": "elon-musk-of-tweets-march-13-march-20-320-339",
    "event_slug": "elon-musk-of-tweets-march-13-march-20",
    "token_id": "82518446761093462403909660823871077900321697782520044657764741165674528823628",
    "outcome": "Yes",
    "side": "SELL",
    "price": 0.999,
    "size": 3.05,
    "transaction_hash": "0xa66465e7738ce700139fe2b53c0d456efa5ebe39e40053d0c9ac8e75f8c1e93f",
    "condition_id": "0xb810ea8d468ab4783ac913dc8fc848bda0981c87dc5c0eb885067159a1edb2e0",
    "bracket_low": 320,
    "bracket_high": 339
  },
  {
    "timestamp": 1774025883,
    "market_slug": "elon-musk-of-tweets-march-13-march-20-320-339",
    "event_slug": "elon-musk-of-tweets-march-13-march-20",
    "token_id": "82518446761093462403909660823871077900321697782520044657764741165674528823628",
    "outcome": "Yes",
    "side": "SELL",
    "price": 0.999,
    "size": 72.24,
    "transaction_hash": "0x5210a618cfd2c5746015afa6db107f3a03927f41bfbbdf06dd399a50a56c2064",
    "condition_id": "0xb810ea8d468ab4783ac913dc8fc848bda0981c87dc5c0eb885067159a1edb2e0",
    "bracket_low": 320,
    "bracket_high": 339
  },
  {
    "timestamp": 1774025671,
    "market_slug": "elon-musk-of-tweets-march-13-march-20-360-379",
    "event_slug": "elon-musk-of-tweets-march-13-march-20",
    "token_id": "79805242086096020227599892927449645557390063936828870468991520437286551075776",
    "outcome": "No",
    "side": "SELL",
    "price": 0.999,
    "size": 10,
    "transaction_hash": "0xe7772f75ec35f36915fc5f98a9e58c3472c08b4ac17bba2bc703768073f9515a",
    "condition_id": "0x57b686c7fb5518730a47368dfa2523db169f3d2c37a4bf91400830c989f46bf8",
    "bracket_low": 360,
    "bracket_high": 379
  },
  {
    "timestamp": 1774025593,
    "market_slug": "elon-musk-of-tweets-march-13-march-20-360-379",
    "event_slug": "elon-musk-of-tweets-march-13-march-20",
    "token_id": "79805242086096020227599892927449645557390063936828870468991520437286551075776",
    "outcome": "No",
    "side": "SELL",
    "price": 0.999,
    "size": 7.1,
    "transaction_hash": "0xd1d25cf2930ea9fe215cd6629648a410db5664f3601e4f564f654975a691a49d",
    "condition_id": "0x57b686c7fb5518730a47368dfa2523db169f3d2c37a4bf91400830c989f46bf8",
    "bracket_low": 360,
    "bracket_high": 379
  },
  {
    "timestamp": 1774025591,
    "market_slug": "elon-musk-of-tweets-march-13-march-20-320-339",
    "event_slug": "elon-musk-of-tweets-march-13-march-20",
    "token_id": "82518446761093462403909660823871077900321697782520044657764741165674528823628",
    "outcome": "Yes",
    "side": "SELL",
    "price": 0.999,
    "size": 75.93,
    "transaction_hash": "0xa2f0d1aff4f8d933957591b4c313cf7734579f43028975b486c813e772fcae6d",
    "condition_id": "0xb810ea8d468ab4783ac913dc8fc848bda0981c87dc5c0eb885067159a1edb2e0",
    "bracket_low": 320,
    "bracket_high": 339
  },
  {
    "timestamp": 1774025563,
    "market_slug": "elon-musk-of-tweets-march-13-march-20-320-339",
    "event_slug": "elon-musk-of-tweets-march-13-march-20",
    "token_id": "82518446761093462403909660823871077900321697782520044657764741165674528823628",
    "outcome": "Yes",
    "side": "SELL",
    "price": 0.999,
    "size": 203.97,
    "transaction_hash": "0xae552d266c5c326679cfb0d5a4091da2e405054e198e5b3da8348c1e2c814cea",
    "condition_id": "0xb810ea8d468ab4783ac913dc8fc848bda0981c87dc5c0eb885067159a1edb2e0",
    "bracket_low": 320,
    "bracket_high": 339
  },
  {
    "timestamp": 1774025441,
    "market_slug": "elon-musk-of-tweets-march-13-march-20-320-339",
    "event_slug": "elon-musk-of-tweets-march-13-march-20",
    "token_id": "82518446761093462403909660823871077900321697782520044657764741165674528823628",
    "outcome": "Yes",
    "side": "SELL",
    "price": 0.999,
    "size": 10,
    "transaction_hash": "0xb631a5036350752a772f685b9735a4ead54de160e30b32351415dfc8186bc24d",
    "condition_id": "0xb810ea8d468ab4783ac913dc8fc848bda0981c87dc5c0eb885067159a1edb2e0",
    "bracket_low": 320,
    "bracket_high": 339
  },
  {
    "timestamp": 1774025421,
    "market_slug": "elon-musk-of-tweets-march-13-march-20-360-379",
    "event_slug": "elon-musk-of-tweets-march-13-march-20",
    "token_id": "79805242086096020227599892927449645557390063936828870468991520437286551075776",
    "outcome": "No",
    "side": "SELL",
    "price": 0.999,
    "size": 11.96,
    "transaction_hash": "0x712197be53eb491cceddff288eb969babb863fe273d8a6bb6f4e7d7ab270aace",
    "condition_id": "0x57b686c7fb5518730a47368dfa2523db169f3d2c37a4bf91400830c989f46bf8",
    "bracket_low": 360,
    "bracket_high": 379
  },
  {
    "timestamp": 1774025397,
    "market_slug": "elon-musk-of-tweets-march-13-march-20-320-339",
    "event_slug": "elon-musk-of-tweets-march-13-march-20",
    "token_id": "82518446761093462403909660823871077900321697782520044657764741165674528823628",
    "outcome": "Yes",
    "side": "SELL",
    "price": 0.999,
    "size": 153,
    "transaction_hash": "0x81546eeabae82f0bbb360bdb59989b77e41048eca50d50f64a2235e095bba4d1",
    "condition_id": "0xb810ea8d468ab4783ac913dc8fc848bda0981c87dc5c0eb885067159a1edb2e0",
    "bracket_low": 320,
    "bracket_high": 339
  },
  {
    "timestamp": 1774025383,
    "market_slug": "elon-musk-of-tweets-march-13-march-20-320-339",
    "event_slug": "elon-musk-of-tweets-march-13-march-20",
    "token_id": "82518446761093462403909660823871077900321697782520044657764741165674528823628",
    "outcome": "Yes",
    "side": "SELL",
    "price": 0.999,
    "size": 29.99,
    "transaction_hash": "0xf0938a21df2560294e4a16cb7ad61a403213c7c47dbc4240d70d59dde1dc5517",
    "condition_id": "0xb810ea8d468ab4783ac913dc8fc848bda0981c87dc5c0eb885067159a1edb2e0",
    "bracket_low": 320,
    "bracket_high": 339
  },
  {
    "timestamp": 1774025331,
    "market_slug": "elon-musk-of-tweets-march-13-march-20-340-359",
    "event_slug": "elon-musk-of-tweets-march-13-march-20",
    "token_id": "47174379360977965773639096565340945997317912611421193432399073225644717922958",
    "outcome": "No",
    "side": "SELL",
    "price": 0.999,
    "size": 11.56,
    "transaction_hash": "0xb37dd66ed2ea4947e629e31c57957e81d111b4c76ec80a95c4dafc384c83d5eb",
    "condition_id": "0xacb2e2ac81a2c312af816cafcbc4642f350eddd27004f83d142e44fec00f88c1",
    "bracket_low": 340,
    "bracket_high": 359
  },
  {
    "timestamp": 1774025325,
    "market_slug": "elon-musk-of-tweets-march-13-march-20-340-359",
    "event_slug": "elon-musk-of-tweets-march-13-march-20",
    "token_id": "78203566267050190393608608206243856253829364708683024977958097113104979739348",
    "outcome": "Yes",
    "side": "BUY",
    "price": 0.001,
    "size": 1000,
    "transaction_hash": "0x7ff9d99c770b1e9bf1dddd17e148f0b1ff65bee890af18b5e6a32d20ad24b8af",
    "condition_id": "0xacb2e2ac81a2c312af816cafcbc4642f350eddd27004f83d142e44fec00f88c1",
    "bracket_low": 340,
    "bracket_high": 359
  },
  {
    "timestamp": 1774025245,
    "market_slug": "elon-musk-of-tweets-march-13-march-20-320-339",
    "event_slug": "elon-musk-of-tweets-march-13-march-20",
    "token_id": "82518446761093462403909660823871077900321697782520044657764741165674528823628",
    "outcome": "Yes",
    "side": "SELL",
    "price": 0.999,
    "size": 29.41,
    "transaction_hash": "0x54caa3bbe9be909f814ecc96097563fb6a093d1f0bd10fddad7cbe3cf460cc55",
    "condition_id": "0xb810ea8d468ab4783ac913dc8fc848bda0981c87dc5c0eb885067159a1edb2e0",
    "bracket_low": 320,
    "bracket_high": 339
  },
  {
    "timestamp": 1774025203,
    "market_slug": "elon-musk-of-tweets-march-13-march-20-400-419",
    "event_slug": "elon-musk-of-tweets-march-13-march-20",
    "token_id": "46652073799257638777466078593127183818634185022232258577082497275341133974679",
    "outcome": "No",
    "side": "SELL",
    "price": 0.999,
    "size": 41.44,
    "transaction_hash": "0x08f6d4b523d999270fe176facaa83f88c0a0fca516194dd3be402992eef58f7c",
    "condition_id": "0x3c0adcf4ad08bc8c562d4cb50e0b177ff93a351a0a5905f77afe8b29471bdf26",
    "bracket_low": 400,
    "bracket_high": 419
  },
  {
    "timestamp": 1774025197,
    "market_slug": "elon-musk-of-tweets-march-13-march-20-320-339",
    "event_slug": "elon-musk-of-tweets-march-13-march-20",
    "token_id": "82518446761093462403909660823871077900321697782520044657764741165674528823628",
    "outcome": "Yes",
    "side": "SELL",
    "price": 0.999,
    "size": 147.49,
    "transaction_hash": "0x78ca6a4395e7079ae17f956cc379ab4430d329384ffed7d27ec45f2521fdd2cd",
    "condition_id": "0xb810ea8d468ab4783ac913dc8fc848bda0981c87dc5c0eb885067159a1edb2e0",
    "bracket_low": 320,
    "bracket_high": 339
  },
  {
    "timestamp": 1774025165,
    "market_slug": "elon-musk-of-tweets-march-13-march-20-380-399",
    "event_slug": "elon-musk-of-tweets-march-13-march-20",
    "token_id": "34234407697743263295393245039257460055998256011280683193945359976303250295338",
    "outcome": "No",
    "side": "SELL",
    "price": 0.999,
    "size": 15.3,
    "transaction_hash": "0xa3624980e92c4bf3d437378b56942401e3223ff3d123579449042d92acf6fe22",
    "condition_id": "0x5e727ec21989b0423e21c58986744955305f43013b5294f151f9971214b59d1b",
    "bracket_low": 380,
    "bracket_high": 399
  },
  {
    "timestamp": 1774025163,
    "market_slug": "elon-musk-of-tweets-march-13-march-20-360-379",
    "event_slug": "elon-musk-of-tweets-march-13-march-20",
    "token_id": "79805242086096020227599892927449645557390063936828870468991520437286551075776",
    "outcome": "No",
    "side": "SELL",
    "price": 0.999,
    "size": 33.48,
    "transaction_hash": "0x37b08d7e272f20c3b88616cba583eb741d88939f261209da6500d8e4be75f5f9",
    "condition_id": "0x57b686c7fb5518730a47368dfa2523db169f3d2c37a4bf91400830c989f46bf8",
    "bracket_low": 360,
    "bracket_high": 379
  },
  {
    "timestamp": 1774025121,
    "market_slug": "elon-musk-of-tweets-march-13-march-20-320-339",
    "event_slug": "elon-musk-of-tweets-march-13-march-20",
    "token_id": "82518446761093462403909660823871077900321697782520044657764741165674528823628",
    "outcome": "Yes",
    "side": "SELL",
    "price": 0.999,
    "size": 977.82,
    "transaction_hash": "0xc6ddf97b3f4b3498fc002c067cb72b2fd04c75560f545dc858dbe9e30eec7a56",
    "condition_id": "0xb810ea8d468ab4783ac913dc8fc848bda0981c87dc5c0eb885067159a1edb2e0",
    "bracket_low": 320,
    "bracket_high": 339
  },
  {
    "timestamp": 1774025093,
    "market_slug": "elon-musk-of-tweets-march-13-march-20-360-379",
    "event_slug": "elon-musk-of-tweets-march-13-march-20",
    "token_id": "79805242086096020227599892927449645557390063936828870468991520437286551075776",
    "outcome": "No",
    "side": "SELL",
    "price": 0.999,
    "size": 93.16,
    "transaction_hash": "0xcc10fe96197f127058ebaf36c2a19441bacd524ae80b812881c5f3f53b0acc09",
    "condition_id": "0x57b686c7fb5518730a47368dfa2523db169f3d2c37a4bf91400830c989f46bf8",
    "bracket_low": 360,
    "bracket_high": 379
  },
  {
    "timestamp": 1774025025,
    "market_slug": "elon-musk-of-tweets-march-13-march-20-320-339",
    "event_slug": "elon-musk-of-tweets-march-13-march-20",
    "token_id": "82518446761093462403909660823871077900321697782520044657764741165674528823628",
    "outcome": "Yes",
    "side": "SELL",
    "price": 0.999,
    "size": 7.06,
    "transaction_hash": "0x31f6aa8bad23c4240c7dc596070a29ccdb1494875647730bc25bd2666794fb13",
    "condition_id": "0xb810ea8d468ab4783ac913dc8fc848bda0981c87dc5c0eb885067159a1edb2e0",
    "bracket_low": 320,
    "bracket_high": 339
  },
  {
    "timestamp": 1774025025,
    "market_slug": "elon-musk-of-tweets-march-13-march-20-360-379",
    "event_slug": "elon-musk-of-tweets-march-13-march-20",
    "token_id": "79805242086096020227599892927449645557390063936828870468991520437286551075776",
    "outcome": "No",
    "side": "SELL",
    "price": 0.999,
    "size": 2679.3,
    "transaction_hash": "0xcdc48914e2b73002bf6ba2c529c8e02d2d68512cea85eccc897eb151ffac71b1",
    "condition_id": "0x57b686c7fb5518730a47368dfa2523db169f3d2c37a4bf91400830c989f46bf8",
    "bracket_low": 360,
    "bracket_high": 379
  },
  {
    "timestamp": 1774025009,
    "market_slug": "elon-musk-of-tweets-march-13-march-20-320-339",
    "event_slug": "elon-musk-of-tweets-march-13-march-20",
    "token_id": "82518446761093462403909660823871077900321697782520044657764741165674528823628",
    "outcome": "Yes",
    "side": "SELL",
    "price": 0.999,
    "size": 20.74,
    "transaction_hash": "0x24817559b3f7f4c62b7123ac06f7f79233aa8ad9b614dc5f5e16d6cbdb2a90a6",
    "condition_id": "0xb810ea8d468ab4783ac913dc8fc848bda0981c87dc5c0eb885067159a1edb2e0",
    "bracket_low": 320,
    "bracket_high": 339
  },
  {
    "timestamp": 1774024939,
    "market_slug": "elon-musk-of-tweets-march-13-march-20-320-339",
    "event_slug": "elon-musk-of-tweets-march-13-march-20",
    "token_id": "82518446761093462403909660823871077900321697782520044657764741165674528823628",
    "outcome": "Yes",
    "side": "SELL",
    "price": 0.999,
    "size": 10,
    "transaction_hash": "0x7551edf4baa5dd973d86712b6b12264cda8e1b42495d3528f8dc628c49063537",
    "condition_id": "0xb810ea8d468ab4783ac913dc8fc848bda0981c87dc5c0eb885067159a1edb2e0",
    "bracket_low": 320,
    "bracket_high": 339
  },
  {
    "timestamp": 1774024867,
    "market_slug": "elon-musk-of-tweets-march-13-march-20-320-339",
    "event_slug": "elon-musk-of-tweets-march-13-march-20",
    "token_id": "82518446761093462403909660823871077900321697782520044657764741165674528823628",
    "outcome": "Yes",
    "side": "SELL",
    "price": 0.999,
    "size": 13.28,
    "transaction_hash": "0x29668f784251c5fd18a0a873fa618e93a7bc0a449f2e9b3a979a1149bd53dd94",
    "condition_id": "0xb810ea8d468ab4783ac913dc8fc848bda0981c87dc5c0eb885067159a1edb2e0",
    "bracket_low": 320,
    "bracket_high": 339
  },
  {
    "timestamp": 1774024851,
    "market_slug": "elon-musk-of-tweets-march-13-march-20-360-379",
    "event_slug": "elon-musk-of-tweets-march-13-march-20",
    "token_id": "79805242086096020227599892927449645557390063936828870468991520437286551075776",
    "outcome": "No",
    "side": "SELL",
    "price": 0.999,
    "size": 65.27,
    "transaction_hash": "0xa5f73ce7a71ecad5bb28c554f27bed806ba4918cb9e8be40b4189a5fc72f23f7",
    "condition_id": "0x57b686c7fb5518730a47368dfa2523db169f3d2c37a4bf91400830c989f46bf8",
    "bracket_low": 360,
    "bracket_high": 379
  },
  {
    "timestamp": 1774024805,
    "market_slug": "elon-musk-of-tweets-march-13-march-20-320-339",
    "event_slug": "elon-musk-of-tweets-march-13-march-20",
    "token_id": "82518446761093462403909660823871077900321697782520044657764741165674528823628",
    "outcome": "Yes",
    "side": "SELL",
    "price": 0.999,
    "size": 792.75,
    "transaction_hash": "0x53e7070db1e01d0d4f732a07baa6e16b842a4e29e752fa90b0379600c702e934",
    "condition_id": "0xb810ea8d468ab4783ac913dc8fc848bda0981c87dc5c0eb885067159a1edb2e0",
    "bracket_low": 320,
    "bracket_high": 339
  },
  {
    "timestamp": 1774024649,
    "market_slug": "elon-musk-of-tweets-march-13-march-20-320-339",
    "event_slug": "elon-musk-of-tweets-march-13-march-20",
    "token_id": "82518446761093462403909660823871077900321697782520044657764741165674528823628",
    "outcome": "Yes",
    "side": "SELL",
    "price": 0.999,
    "size": 4.63,
    "transaction_hash": "0xf7353617982a0b8a3ad3aef63d5000a4f6139543fff0d738fab8743ce6b25dd3",
    "condition_id": "0xb810ea8d468ab4783ac913dc8fc848bda0981c87dc5c0eb885067159a1edb2e0",
    "bracket_low": 320,
    "bracket_high": 339
  },
  {
    "timestamp": 1774024627,
    "market_slug": "elon-musk-of-tweets-march-13-march-20-320-339",
    "event_slug": "elon-musk-of-tweets-march-13-march-20",
    "token_id": "82518446761093462403909660823871077900321697782520044657764741165674528823628",
    "outcome": "Yes",
    "side": "SELL",
    "price": 0.999,
    "size": 10,
    "transaction_hash": "0x0f7e846584882ccf5eb39c0be55aa341caf4b6d949d27b8c3673a7bd235a1666",
    "condition_id": "0xb810ea8d468ab4783ac913dc8fc848bda0981c87dc5c0eb885067159a1edb2e0",
    "bracket_low": 320,
    "bracket_high": 339
  },
  {
    "timestamp": 1774024615,
    "market_slug": "elon-musk-of-tweets-march-13-march-20-320-339",
    "event_slug": "elon-musk-of-tweets-march-13-march-20",
    "token_id": "82518446761093462403909660823871077900321697782520044657764741165674528823628",
    "outcome": "Yes",
    "side": "SELL",
    "price": 0.999,
    "size": 0.68,
    "transaction_hash": "0x087733f82d29b7b87ad70c23e02e1f22a783caa5df5e317430f0cadc1f72242a",
    "condition_id": "0xb810ea8d468ab4783ac913dc8fc848bda0981c87dc5c0eb885067159a1edb2e0",
    "bracket_low": 320,
    "bracket_high": 339
  },
  {
    "timestamp": 1774024575,
    "market_slug": "elon-musk-of-tweets-march-13-march-20-320-339",
    "event_slug": "elon-musk-of-tweets-march-13-march-20",
    "token_id": "82518446761093462403909660823871077900321697782520044657764741165674528823628",
    "outcome": "Yes",
    "side": "SELL",
    "price": 0.999,
    "size": 854.75,
    "transaction_hash": "0x19195074608d88346ef604e0ea5e11e1d5bf0e75503ce2d2010bb767d1ff1f37",
    "condition_id": "0xb810ea8d468ab4783ac913dc8fc848bda0981c87dc5c0eb885067159a1edb2e0",
    "bracket_low": 320,
    "bracket_high": 339
  },
  {
    "timestamp": 1774024529,
    "market_slug": "elon-musk-of-tweets-march-13-march-20-320-339",
    "event_slug": "elon-musk-of-tweets-march-13-march-20",
    "token_id": "82518446761093462403909660823871077900321697782520044657764741165674528823628",
    "outcome": "Yes",
    "side": "SELL",
    "price": 0.999,
    "size": 3.44,
    "transaction_hash": "0xe8e2bee53c0f595c49b43bed6ee88e6335253bf4da7e36daa2f4583f4e05980f",
    "condition_id": "0xb810ea8d468ab4783ac913dc8fc848bda0981c87dc5c0eb885067159a1edb2e0",
    "bracket_low": 320,
    "bracket_high": 339
  },
  {
    "timestamp": 1774024517,
    "market_slug": "elon-musk-of-tweets-march-13-march-20-340-359",
    "event_slug": "elon-musk-of-tweets-march-13-march-20",
    "token_id": "47174379360977965773639096565340945997317912611421193432399073225644717922958",
    "outcome": "No",
    "side": "SELL",
    "price": 0.999,
    "size": 107.12,
    "transaction_hash": "0x858a7b6a7ea655848af914d1d0e1848c3e9fa6589d3f4d7aeae4c4b8b79a7590",
    "condition_id": "0xacb2e2ac81a2c312af816cafcbc4642f350eddd27004f83d142e44fec00f88c1",
    "bracket_low": 340,
    "bracket_high": 359
  },
  {
    "timestamp": 1774024511,
    "market_slug": "elon-musk-of-tweets-march-13-march-20-320-339",
    "event_slug": "elon-musk-of-tweets-march-13-march-20",
    "token_id": "82518446761093462403909660823871077900321697782520044657764741165674528823628",
    "outcome": "Yes",
    "side": "SELL",
    "price": 0.999,
    "size": 77.61,
    "transaction_hash": "0x54607cd86ef69ae9a6a747776dc958328f8bda23e4633e6ab313b7e96354926c",
    "condition_id": "0xb810ea8d468ab4783ac913dc8fc848bda0981c87dc5c0eb885067159a1edb2e0",
    "bracket_low": 320,
    "bracket_high": 339
  },
  {
    "timestamp": 1774024495,
    "market_slug": "elon-musk-of-tweets-march-13-march-20-360-379",
    "event_slug": "elon-musk-of-tweets-march-13-march-20",
    "token_id": "79805242086096020227599892927449645557390063936828870468991520437286551075776",
    "outcome": "No",
    "side": "SELL",
    "price": 0.999,
    "size": 45,
    "transaction_hash": "0xbb6d2fd135635b9f82560b374d7cd4af221ef12f183e313a6954915ddb2e2f44",
    "condition_id": "0x57b686c7fb5518730a47368dfa2523db169f3d2c37a4bf91400830c989f46bf8",
    "bracket_low": 360,
    "bracket_high": 379
  },
  {
    "timestamp": 1774024483,
    "market_slug": "elon-musk-of-tweets-march-13-march-20-380-399",
    "event_slug": "elon-musk-of-tweets-march-13-march-20",
    "token_id": "34234407697743263295393245039257460055998256011280683193945359976303250295338",
    "outcome": "No",
    "side": "SELL",
    "price": 0.999,
    "size": 18,
    "transaction_hash": "0xcf08eaea59e3997c2e02367f368b02acc76c9d43f423a46cde811054c99e1ad3",
    "condition_id": "0x5e727ec21989b0423e21c58986744955305f43013b5294f151f9971214b59d1b",
    "bracket_low": 380,
    "bracket_high": 399
  },
  {
    "timestamp": 1774024471,
    "market_slug": "elon-musk-of-tweets-march-13-march-20-320-339",
    "event_slug": "elon-musk-of-tweets-march-13-march-20",
    "token_id": "82518446761093462403909660823871077900321697782520044657764741165674528823628",
    "outcome": "Yes",
    "side": "SELL",
    "price": 0.999,
    "size": 10,
    "transaction_hash": "0x4207973dd7c8c098cc0ad3fcd91a10f0a78bcbc0171946df0f1aaccb0dd008bf",
    "condition_id": "0xb810ea8d468ab4783ac913dc8fc848bda0981c87dc5c0eb885067159a1edb2e0",
    "bracket_low": 320,
    "bracket_high": 339
  },
  {
    "timestamp": 1774024383,
    "market_slug": "elon-musk-of-tweets-march-13-march-20-360-379",
    "event_slug": "elon-musk-of-tweets-march-13-march-20",
    "token_id": "79805242086096020227599892927449645557390063936828870468991520437286551075776",
    "outcome": "No",
    "side": "SELL",
    "price": 0.999,
    "size": 2186.15,
    "transaction_hash": "0x1ffc9d89c1b1ea5cc008543e29e930b9f642894c9896dc79633918e43ad89399",
    "condition_id": "0x57b686c7fb5518730a47368dfa2523db169f3d2c37a4bf91400830c989f46bf8",
    "bracket_low": 360,
    "bracket_high": 379
  },
  {
    "timestamp": 1774024299,
    "market_slug": "elon-musk-of-tweets-march-13-march-20-320-339",
    "event_slug": "elon-musk-of-tweets-march-13-march-20",
    "token_id": "82518446761093462403909660823871077900321697782520044657764741165674528823628",
    "outcome": "Yes",
    "side": "SELL",
    "price": 0.999,
    "size": 3.52,
    "transaction_hash": "0xcc1952a8120253e12e7be82623f92c017fd6627ffa5f8f2c008a9facb1b65651",
    "condition_id": "0xb810ea8d468ab4783ac913dc8fc848bda0981c87dc5c0eb885067159a1edb2e0",
    "bracket_low": 320,
    "bracket_high": 339
  },
  {
    "timestamp": 1774024285,
    "market_slug": "elon-musk-of-tweets-march-13-march-20-340-359",
    "event_slug": "elon-musk-of-tweets-march-13-march-20",
    "token_id": "47174379360977965773639096565340945997317912611421193432399073225644717922958",
    "outcome": "No",
    "side": "SELL",
    "price": 0.999,
    "size": 9.37,
    "transaction_hash": "0x19388985a47fc9198f2a0db119fb5102b50dba9620d7028d9742e05a76e2fa0c",
    "condition_id": "0xacb2e2ac81a2c312af816cafcbc4642f350eddd27004f83d142e44fec00f88c1",
    "bracket_low": 340,
    "bracket_high": 359
  },
  {
    "timestamp": 1774024283,
    "market_slug": "elon-musk-of-tweets-march-13-march-20-320-339",
    "event_slug": "elon-musk-of-tweets-march-13-march-20",
    "token_id": "82518446761093462403909660823871077900321697782520044657764741165674528823628",
    "outcome": "Yes",
    "side": "SELL",
    "price": 0.999,
    "size": 10,
    "transaction_hash": "0xa978688b41522d62d74f3dcbdf23cb447376fefd90efb638df993d4372724868",
    "condition_id": "0xb810ea8d468ab4783ac913dc8fc848bda0981c87dc5c0eb885067159a1edb2e0",
    "bracket_low": 320,
    "bracket_high": 339
  },
  {
    "timestamp": 1774024271,
    "market_slug": "elon-musk-of-tweets-march-13-march-20-320-339",
    "event_slug": "elon-musk-of-tweets-march-13-march-20",
    "token_id": "82518446761093462403909660823871077900321697782520044657764741165674528823628",
    "outcome": "Yes",
    "side": "SELL",
    "price": 0.999,
    "size": 259.89,
    "transaction_hash": "0x10fe19a4d75ca20fa2baa3a4a4522490ea085c16340ef072ed0a7ec8f19b332b",
    "condition_id": "0xb810ea8d468ab4783ac913dc8fc848bda0981c87dc5c0eb885067159a1edb2e0",
    "bracket_low": 320,
    "bracket_high": 339
  },
  {
    "timestamp": 1774024211,
    "market_slug": "elon-musk-of-tweets-march-13-march-20-340-359",
    "event_slug": "elon-musk-of-tweets-march-13-march-20",
    "token_id": "47174379360977965773639096565340945997317912611421193432399073225644717922958",
    "outcome": "No",
    "side": "SELL",
    "price": 0.999,
    "size": 21.42,
    "transaction_hash": "0x29d3a2c998ff2b1f3745fc0a658fe0888bd26a3e5d3e4440e4d6c44f36e5b20e",
    "condition_id": "0xacb2e2ac81a2c312af816cafcbc4642f350eddd27004f83d142e44fec00f88c1",
    "bracket_low": 340,
    "bracket_high": 359
  },
  {
    "timestamp": 1774024199,
    "market_slug": "elon-musk-of-tweets-march-13-march-20-360-379",
    "event_slug": "elon-musk-of-tweets-march-13-march-20",
    "token_id": "79805242086096020227599892927449645557390063936828870468991520437286551075776",
    "outcome": "No",
    "side": "SELL",
    "price": 0.999,
    "size": 5.32,
    "transaction_hash": "0xf1a3e7c731122e30e9fa24fa312103c84439e4509d0beecc0df7672f72dd19d7",
    "condition_id": "0x57b686c7fb5518730a47368dfa2523db169f3d2c37a4bf91400830c989f46bf8",
    "bracket_low": 360,
    "bracket_high": 379
  },
  {
    "timestamp": 1774024159,
    "market_slug": "elon-musk-of-tweets-march-13-march-20-380-399",
    "event_slug": "elon-musk-of-tweets-march-13-march-20",
    "token_id": "34234407697743263295393245039257460055998256011280683193945359976303250295338",
    "outcome": "No",
    "side": "SELL",
    "price": 0.999,
    "size": 487,
    "transaction_hash": "0x6cbb79dba2ca34cc382da48506676554afb7fe9e5456cc618c910b769f51a63f",
    "condition_id": "0x5e727ec21989b0423e21c58986744955305f43013b5294f151f9971214b59d1b",
    "bracket_low": 380,
    "bracket_high": 399
  },
  {
    "timestamp": 1774024149,
    "market_slug": "elon-musk-of-tweets-march-13-march-20-340-359",
    "event_slug": "elon-musk-of-tweets-march-13-march-20",
    "token_id": "47174379360977965773639096565340945997317912611421193432399073225644717922958",
    "outcome": "No",
    "side": "SELL",
    "price": 0.999,
    "size": 12.63,
    "transaction_hash": "0x85c79895e3ca1c334a7de98309b89666429fd7e8f5854bf6836f580a0cb34976",
    "condition_id": "0xacb2e2ac81a2c312af816cafcbc4642f350eddd27004f83d142e44fec00f88c1",
    "bracket_low": 340,
    "bracket_high": 359
  },
  {
    "timestamp": 1774024141,
    "market_slug": "elon-musk-of-tweets-march-13-march-20-360-379",
    "event_slug": "elon-musk-of-tweets-march-13-march-20",
    "token_id": "79805242086096020227599892927449645557390063936828870468991520437286551075776",
    "outcome": "No",
    "side": "SELL",
    "price": 0.999,
    "size": 2.14,
    "transaction_hash": "0x59f426d3641e343d303ed21225048666c213c8a8c70dcf479e0834697b8cce1b",
    "condition_id": "0x57b686c7fb5518730a47368dfa2523db169f3d2c37a4bf91400830c989f46bf8",
    "bracket_low": 360,
    "bracket_high": 379
  },
  {
    "timestamp": 1774024137,
    "market_slug": "elon-musk-of-tweets-march-13-march-20-340-359",
    "event_slug": "elon-musk-of-tweets-march-13-march-20",
    "token_id": "47174379360977965773639096565340945997317912611421193432399073225644717922958",
    "outcome": "No",
    "side": "SELL",
    "price": 0.999,
    "size": 3096.96,
    "transaction_hash": "0x68742e51d15b8992234f3687d2fdddf3618ab3b6c3cd21bb5ecccefdf1dfc437",
    "condition_id": "0xacb2e2ac81a2c312af816cafcbc4642f350eddd27004f83d142e44fec00f88c1",
    "bracket_low": 340,
    "bracket_high": 359
  },
  {
    "timestamp": 1774024135,
    "market_slug": "elon-musk-of-tweets-march-13-march-20-360-379",
    "event_slug": "elon-musk-of-tweets-march-13-march-20",
    "token_id": "79805242086096020227599892927449645557390063936828870468991520437286551075776",
    "outcome": "No",
    "side": "SELL",
    "price": 0.999,
    "size": 720.35,
    "transaction_hash": "0xb3178ad6c586b3e6795f1baf469d76fd8b990cd08d7cac0e0f8d2525a5d14f80",
    "condition_id": "0x57b686c7fb5518730a47368dfa2523db169f3d2c37a4bf91400830c989f46bf8",
    "bracket_low": 360,
    "bracket_high": 379
  },
  {
    "timestamp": 1774024133,
    "market_slug": "elon-musk-of-tweets-march-13-march-20-320-339",
    "event_slug": "elon-musk-of-tweets-march-13-march-20",
    "token_id": "82518446761093462403909660823871077900321697782520044657764741165674528823628",
    "outcome": "Yes",
    "side": "SELL",
    "price": 0.999,
    "size": 919.07,
    "transaction_hash": "0xeff559b8e2a270c035881e886de726b8e83dcb881c51b83a7600de2e370d6f99",
    "condition_id": "0xb810ea8d468ab4783ac913dc8fc848bda0981c87dc5c0eb885067159a1edb2e0",
    "bracket_low": 320,
    "bracket_high": 339
  },
  {
    "timestamp": 1774024117,
    "market_slug": "elon-musk-of-tweets-march-13-march-20-320-339",
    "event_slug": "elon-musk-of-tweets-march-13-march-20",
    "token_id": "82518446761093462403909660823871077900321697782520044657764741165674528823628",
    "outcome": "Yes",
    "side": "SELL",
    "price": 0.999,
    "size": 8.36,
    "transaction_hash": "0xece7d2220b26dfd2bab5da8bfd85722311e87f2c020228532c015cf640cacae5",
    "condition_id": "0xb810ea8d468ab4783ac913dc8fc848bda0981c87dc5c0eb885067159a1edb2e0",
    "bracket_low": 320,
    "bracket_high": 339
  },
  {
    "timestamp": 1774024115,
    "market_slug": "elon-musk-of-tweets-march-13-march-20-320-339",
    "event_slug": "elon-musk-of-tweets-march-13-march-20",
    "token_id": "82518446761093462403909660823871077900321697782520044657764741165674528823628",
    "outcome": "Yes",
    "side": "SELL",
    "price": 0.999,
    "size": 23.56,
    "transaction_hash": "0x676747ff82d057e5e4685dbf45e976e0a4df2ee3f2fad7edc4d1e906d909c359",
    "condition_id": "0xb810ea8d468ab4783ac913dc8fc848bda0981c87dc5c0eb885067159a1edb2e0",
    "bracket_low": 320,
    "bracket_high": 339
  },
  {
    "timestamp": 1774024107,
    "market_slug": "elon-musk-of-tweets-march-13-march-20-340-359",
    "event_slug": "elon-musk-of-tweets-march-13-march-20",
    "token_id": "47174379360977965773639096565340945997317912611421193432399073225644717922958",
    "outcome": "No",
    "side": "SELL",
    "price": 0.999,
    "size": 5.95,
    "transaction_hash": "0x168004a455075a3931df1264328a7680d0055c6319711073f9c12b6175907041",
    "condition_id": "0xacb2e2ac81a2c312af816cafcbc4642f350eddd27004f83d142e44fec00f88c1",
    "bracket_low": 340,
    "bracket_high": 359
  },
  {
    "timestamp": 1774024053,
    "market_slug": "elon-musk-of-tweets-march-13-march-20-340-359",
    "event_slug": "elon-musk-of-tweets-march-13-march-20",
    "token_id": "78203566267050190393608608206243856253829364708683024977958097113104979739348",
    "outcome": "Yes",
    "side": "BUY",
    "price": 0.001,
    "size": 1000,
    "transaction_hash": "0xc76ed8878f9595cccc7a5d1ff89d3349d182a15de0bba6fe9d4dceed99c1f869",
    "condition_id": "0xacb2e2ac81a2c312af816cafcbc4642f350eddd27004f83d142e44fec00f88c1",
    "bracket_low": 340,
    "bracket_high": 359
  },
  {
    "timestamp": 1774024049,
    "market_slug": "elon-musk-of-tweets-march-13-march-20-320-339",
    "event_slug": "elon-musk-of-tweets-march-13-march-20",
    "token_id": "82518446761093462403909660823871077900321697782520044657764741165674528823628",
    "outcome": "Yes",
    "side": "SELL",
    "price": 0.999,
    "size": 20.24,
    "transaction_hash": "0x0c7929ddefddb1cf340061add28b36409845e3789e78fc15a930332a32867e5a",
    "condition_id": "0xb810ea8d468ab4783ac913dc8fc848bda0981c87dc5c0eb885067159a1edb2e0",
    "bracket_low": 320,
    "bracket_high": 339
  },
  {
    "timestamp": 1774024001,
    "market_slug": "elon-musk-of-tweets-march-13-march-20-320-339",
    "event_slug": "elon-musk-of-tweets-march-13-march-20",
    "token_id": "82518446761093462403909660823871077900321697782520044657764741165674528823628",
    "outcome": "Yes",
    "side": "SELL",
    "price": 0.999,
    "size": 127.06,
    "transaction_hash": "0xe40d919124474b58b40c5b93618fd56d3401d13832542cb362b438377b155ba0",
    "condition_id": "0xb810ea8d468ab4783ac913dc8fc848bda0981c87dc5c0eb885067159a1edb2e0",
    "bracket_low": 320,
    "bracket_high": 339
  },
  {
    "timestamp": 1774023965,
    "market_slug": "elon-musk-of-tweets-march-13-march-20-320-339",
    "event_slug": "elon-musk-of-tweets-march-13-march-20",
    "token_id": "82518446761093462403909660823871077900321697782520044657764741165674528823628",
    "outcome": "Yes",
    "side": "SELL",
    "price": 0.999,
    "size": 2910.74,
    "transaction_hash": "0xb40fa59391fff9c38a091ad09df3e3bc44ebf780cce5eb6dc2ab63f5f297e23c",
    "condition_id": "0xb810ea8d468ab4783ac913dc8fc848bda0981c87dc5c0eb885067159a1edb2e0",
    "bracket_low": 320,
    "bracket_high": 339
  },
  {
    "timestamp": 1774023923,
    "market_slug": "elon-musk-of-tweets-march-13-march-20-320-339",
    "event_slug": "elon-musk-of-tweets-march-13-march-20",
    "token_id": "82518446761093462403909660823871077900321697782520044657764741165674528823628",
    "outcome": "Yes",
    "side": "SELL",
    "price": 0.999,
    "size": 1.43,
    "transaction_hash": "0x697ab139c5bbcfc5fa60edf829698a181a8959948acb3d9da677f738cdf7759a",
    "condition_id": "0xb810ea8d468ab4783ac913dc8fc848bda0981c87dc5c0eb885067159a1edb2e0",
    "bracket_low": 320,
    "bracket_high": 339
  },
  {
    "timestamp": 1774023891,
    "market_slug": "elon-musk-of-tweets-march-13-march-20-320-339",
    "event_slug": "elon-musk-of-tweets-march-13-march-20",
    "token_id": "82518446761093462403909660823871077900321697782520044657764741165674528823628",
    "outcome": "Yes",
    "side": "SELL",
    "price": 0.999,
    "size": 2.73,
    "transaction_hash": "0xa476314b39359e9a178cd2cdeea66d8dfe4010d452a7db7dd4b07a787ddf7535",
    "condition_id": "0xb810ea8d468ab4783ac913dc8fc848bda0981c87dc5c0eb885067159a1edb2e0",
    "bracket_low": 320,
    "bracket_high": 339
  },
  {
    "timestamp": 1774023823,
    "market_slug": "elon-musk-of-tweets-march-13-march-20-320-339",
    "event_slug": "elon-musk-of-tweets-march-13-march-20",
    "token_id": "82518446761093462403909660823871077900321697782520044657764741165674528823628",
    "outcome": "Yes",
    "side": "SELL",
    "price": 0.999,
    "size": 142.1,
    "transaction_hash": "0x8383be63ac2e512bd986b62cba40e2b358da76d184189b3a501fdc29c4bb0c9b",
    "condition_id": "0xb810ea8d468ab4783ac913dc8fc848bda0981c87dc5c0eb885067159a1edb2e0",
    "bracket_low": 320,
    "bracket_high": 339
  },
  {
    "timestamp": 1774023769,
    "market_slug": "elon-musk-of-tweets-march-13-march-20-320-339",
    "event_slug": "elon-musk-of-tweets-march-13-march-20",
    "token_id": "82518446761093462403909660823871077900321697782520044657764741165674528823628",
    "outcome": "Yes",
    "side": "SELL",
    "price": 0.999,
    "size": 38.89,
    "transaction_hash": "0x1631ef214031c18e5a4f97d4444d36190b348e914bac61ca5aecb6def7d81c59",
    "condition_id": "0xb810ea8d468ab4783ac913dc8fc848bda0981c87dc5c0eb885067159a1edb2e0",
    "bracket_low": 320,
    "bracket_high": 339
  },
  {
    "timestamp": 1774023753,
    "market_slug": "elon-musk-of-tweets-march-13-march-20-360-379",
    "event_slug": "elon-musk-of-tweets-march-13-march-20",
    "token_id": "79805242086096020227599892927449645557390063936828870468991520437286551075776",
    "outcome": "No",
    "side": "SELL",
    "price": 0.999,
    "size": 1.04,
    "transaction_hash": "0x79718b8c069305e75816b5873888d58ed3812a34882ab49b27e4886c0d85ddbc",
    "condition_id": "0x57b686c7fb5518730a47368dfa2523db169f3d2c37a4bf91400830c989f46bf8",
    "bracket_low": 360,
    "bracket_high": 379
  },
  {
    "timestamp": 1774023745,
    "market_slug": "elon-musk-of-tweets-march-13-march-20-320-339",
    "event_slug": "elon-musk-of-tweets-march-13-march-20",
    "token_id": "82518446761093462403909660823871077900321697782520044657764741165674528823628",
    "outcome": "Yes",
    "side": "SELL",
    "price": 0.999,
    "size": 50,
    "transaction_hash": "0x63235872a8ab1643d6977eb75324fea641297f3e928971a3ae9d63a44c06d1e3",
    "condition_id": "0xb810ea8d468ab4783ac913dc8fc848bda0981c87dc5c0eb885067159a1edb2e0",
    "bracket_low": 320,
    "bracket_high": 339
  },
  {
    "timestamp": 1774023731,
    "market_slug": "elon-musk-of-tweets-march-13-march-20-320-339",
    "event_slug": "elon-musk-of-tweets-march-13-march-20",
    "token_id": "82518446761093462403909660823871077900321697782520044657764741165674528823628",
    "outcome": "Yes",
    "side": "SELL",
    "price": 0.999,
    "size": 100,
    "transaction_hash": "0xb383342249979954555735b9e89719e1cccc782fce08c68aa660bc41ec50d9db",
    "condition_id": "0xb810ea8d468ab4783ac913dc8fc848bda0981c87dc5c0eb885067159a1edb2e0",
    "bracket_low": 320,
    "bracket_high": 339
  },
  {
    "timestamp": 1774023699,
    "market_slug": "elon-musk-of-tweets-march-13-march-20-320-339",
    "event_slug": "elon-musk-of-tweets-march-13-march-20",
    "token_id": "2078387433062678528341594284022090579269458787238990301986330427520767312650",
    "outcome": "No",
    "side": "BUY",
    "price": 0.001,
    "size": 5000,
    "transaction_hash": "0xcf5e844f2a6b6e0a61161839f2c95f641381bfb5a8173a3a2c74161711d7c81b",
    "condition_id": "0xb810ea8d468ab4783ac913dc8fc848bda0981c87dc5c0eb885067159a1edb2e0",
    "bracket_low": 320,
    "bracket_high": 339
  },
  {
    "timestamp": 1774023695,
    "market_slug": "elon-musk-of-tweets-march-13-march-20-320-339",
    "event_slug": "elon-musk-of-tweets-march-13-march-20",
    "token_id": "82518446761093462403909660823871077900321697782520044657764741165674528823628",
    "outcome": "Yes",
    "side": "SELL",
    "price": 0.999,
    "size": 962.17,
    "transaction_hash": "0x2f0b928cfe6875c2f957014325fa3b4f64cdd7560d9483da0d24884541ed0b98",
    "condition_id": "0xb810ea8d468ab4783ac913dc8fc848bda0981c87dc5c0eb885067159a1edb2e0",
    "bracket_low": 320,
    "bracket_high": 339
  },
  {
    "timestamp": 1774023657,
    "market_slug": "elon-musk-of-tweets-march-13-march-20-360-379",
    "event_slug": "elon-musk-of-tweets-march-13-march-20",
    "token_id": "79805242086096020227599892927449645557390063936828870468991520437286551075776",
    "outcome": "No",
    "side": "SELL",
    "price": 0.999,
    "size": 69.53,
    "transaction_hash": "0x2fdb9f89a3e883a1dfb7d12afc6defc47fe005765c01b0f61b300549a720f72b",
    "condition_id": "0x57b686c7fb5518730a47368dfa2523db169f3d2c37a4bf91400830c989f46bf8",
    "bracket_low": 360,
    "bracket_high": 379
  },
  {
    "timestamp": 1774023653,
    "market_slug": "elon-musk-of-tweets-march-13-march-20-320-339",
    "event_slug": "elon-musk-of-tweets-march-13-march-20",
    "token_id": "82518446761093462403909660823871077900321697782520044657764741165674528823628",
    "outcome": "Yes",
    "side": "SELL",
    "price": 0.999,
    "size": 503.63,
    "transaction_hash": "0x08b72a73c1880443ca186a4ea47ea3cd6c54984daccc090284356ce07f9561d6",
    "condition_id": "0xb810ea8d468ab4783ac913dc8fc848bda0981c87dc5c0eb885067159a1edb2e0",
    "bracket_low": 320,
    "bracket_high": 339
  },
  {
    "timestamp": 1774023601,
    "market_slug": "elon-musk-of-tweets-march-13-march-20-360-379",
    "event_slug": "elon-musk-of-tweets-march-13-march-20",
    "token_id": "79805242086096020227599892927449645557390063936828870468991520437286551075776",
    "outcome": "No",
    "side": "SELL",
    "price": 0.999,
    "size": 2687,
    "transaction_hash": "0xb174a068c85580bb6c83e3c2c6017065bb6f50ba37a5afb2c080527efe4ff74e",
    "condition_id": "0x57b686c7fb5518730a47368dfa2523db169f3d2c37a4bf91400830c989f46bf8",
    "bracket_low": 360,
    "bracket_high": 379
  },
  {
    "timestamp": 1774023599,
    "market_slug": "elon-musk-of-tweets-march-13-march-20-320-339",
    "event_slug": "elon-musk-of-tweets-march-13-march-20",
    "token_id": "82518446761093462403909660823871077900321697782520044657764741165674528823628",
    "outcome": "Yes",
    "side": "SELL",
    "price": 0.999,
    "size": 57.43,
    "transaction_hash": "0x89787f1ae63385ac81a111f403ddd2ebb62280fb876c275d8791c61cc1b83bd1",
    "condition_id": "0xb810ea8d468ab4783ac913dc8fc848bda0981c87dc5c0eb885067159a1edb2e0",
    "bracket_low": 320,
    "bracket_high": 339
  },
  {
    "timestamp": 1774023591,
    "market_slug": "elon-musk-of-tweets-march-13-march-20-320-339",
    "event_slug": "elon-musk-of-tweets-march-13-march-20",
    "token_id": "82518446761093462403909660823871077900321697782520044657764741165674528823628",
    "outcome": "Yes",
    "side": "SELL",
    "price": 0.999,
    "size": 17.3,
    "transaction_hash": "0x5758a78f78bb5780f632c8d53a05dcabe0be51bbb4c6e303ed00273aace3da70",
    "condition_id": "0xb810ea8d468ab4783ac913dc8fc848bda0981c87dc5c0eb885067159a1edb2e0",
    "bracket_low": 320,
    "bracket_high": 339
  },
  {
    "timestamp": 1774023587,
    "market_slug": "elon-musk-of-tweets-march-13-march-20-320-339",
    "event_slug": "elon-musk-of-tweets-march-13-march-20",
    "token_id": "82518446761093462403909660823871077900321697782520044657764741165674528823628",
    "outcome": "Yes",
    "side": "SELL",
    "price": 0.999,
    "size": 9.67,
    "transaction_hash": "0x0ae62841d68ca8587bf07092e2d5afafc4b48534bc5bf20552ed52b31822d287",
    "condition_id": "0xb810ea8d468ab4783ac913dc8fc848bda0981c87dc5c0eb885067159a1edb2e0",
    "bracket_low": 320,
    "bracket_high": 339
  },
  {
    "timestamp": 1774023569,
    "market_slug": "elon-musk-of-tweets-march-13-march-20-340-359",
    "event_slug": "elon-musk-of-tweets-march-13-march-20",
    "token_id": "47174379360977965773639096565340945997317912611421193432399073225644717922958",
    "outcome": "No",
    "side": "SELL",
    "price": 0.999,
    "size": 497.98,
    "transaction_hash": "0x387baee6d0f98602befa25b2aad435100551ac61f49b89484a337625a7e4fd83",
    "condition_id": "0xacb2e2ac81a2c312af816cafcbc4642f350eddd27004f83d142e44fec00f88c1",
    "bracket_low": 340,
    "bracket_high": 359
  },
  {
    "timestamp": 1774023565,
    "market_slug": "elon-musk-of-tweets-march-13-march-20-360-379",
