[
  {
    "timestamp": 1773173167,
    "market_slug": "elon-musk-of-tweets-march-3-march-10-420-439",
    "event_slug": "elon-musk-of-tweets-march-3-march-10",
    "token_id": "67936917825624867919034458436572557578451102021615141228850144075436377342008",
    "outcome": "Yes",
    "side": "BUY",
    "price": 0.001,
    "size": 2000,
    "transaction_hash": "0x603c6197595070cd1c1a514e145dcdbeb33f926d671d82b85ef767d2a52d39e6",
    "condition_id": "0x4c368a013d3309ba927d2db000e195b9285c609a7cd3c628889e931fefd17fe7",
    "bracket_low": 420,
    "bracket_high": 439
  },
  {
    "timestamp": 1773173071,
    "market_slug": "elon-musk-of-tweets-march-3-march-10-540-559",
    "event_slug": "elon-musk-of-tweets-march-3-march-10",
    "token_id": "96544097148558778218096365568078342070808613745722588736029522436517127839910",
    "outcome": "Yes",
    "side": "BUY",
    "price": 0.001,
    "size": 2000,
    "transaction_hash": "0xf5c40ce47cbf919a477313f0d5902b99d7c979f73a4e50b76bb0912fbfa61cc0",
    "condition_id": "0x9ed306b1f00b16acbcaec3669180f898a077e30dea30a6fa1159e0ad816a2be0",
    "bracket_low": 540,
    "bracket_high": 559
  },
  {
    "timestamp": 1773172687,
    "market_slug": "elon-musk-of-tweets-march-3-march-10-380-399",
    "event_slug": "elon-musk-of-tweets-march-3-march-10",
    "token_id": "22834417108138482964077104766878916444285020176914821413712784776106693766226",
    "outcome": "No",
    "side": "SELL",
    "price": 0.999,
    "size": 19.51,
    "transaction_hash": "0x1c6432710e903816b04d11e1304d479bb740a828326159a89e8dd8fa5c38bdd0",
    "condition_id": "0xa654a3a0efe7de098ace53eb8672deab913f753eeb7c9d6fcfd3a3430d862ad2",
    "bracket_low": 380,
    "bracket_high": 399
  },
  {
    "timestamp": 1773172645,
    "market_slug": "elon-musk-of-tweets-march-3-march-10-360-379",
    "event_slug": "elon-musk-of-tweets-march-3-march-10",
    "token_id": "93243522701749138151972594696003496545906935773267658492241462668699457829961",
    "outcome": "No",
    "side": "SELL",
    "price": 0.999,
    "size": 178.17,
    "transaction_hash": "0x5a2a2abf1bac65f7d57b80ee8a9eba285c46b9239571649a30e1e576fed86450",
    "condition_id": "0x7a0317189d04b35c0607ccf0dc926e620dfda297d4e80c35e909b91f28205d96",
    "bracket_low": 360,
    "bracket_high": 379
  },
  {
    "timestamp": 1773171925,
    "market_slug": "elon-musk-of-tweets-march-3-march-10-360-379",
    "event_slug": "elon-musk-of-tweets-march-3-march-10",
    "token_id": "5802491423195437106146161885719742329246690750702001117499867192237888487463",
    "outcome": "Yes",
    "side": "BUY",
    "price": 0.001,
    "size": 1000,
    "transaction_hash": "0x3b5e9922c17892a985dedf52489512fac3bc007d573e296a7b8ae7636e2f1042",
    "condition_id": "0x7a0317189d04b35c0607ccf0dc926e620dfda297d4e80c35e909b91f28205d96",
    "bracket_low": 360,
    "bracket_high": 379
  },
  {
    "timestamp": 1773171911,
    "market_slug": "elon-musk-of-tweets-march-3-march-10-420-439",
    "event_slug": "elon-musk-of-tweets-march-3-march-10",
    "token_id": "67936917825624867919034458436572557578451102021615141228850144075436377342008",
    "outcome": "Yes",
    "side": "BUY",
    "price": 0.001,
    "size": 1000,
    "transaction_hash": "0x5400f62ee538aedf14af9e365671991ef8cd3716ffc860124eecaba1864ac8cd",
    "condition_id": "0x4c368a013d3309ba927d2db000e195b9285c609a7cd3c628889e931fefd17fe7",
    "bracket_low": 420,
    "bracket_high": 439
  },
  {
    "timestamp": 1773171893,
    "market_slug": "elon-musk-of-tweets-march-3-march-10-360-379",
    "event_slug": "elon-musk-of-tweets-march-3-march-10",
    "token_id": "5802491423195437106146161885719742329246690750702001117499867192237888487463",
    "outcome": "Yes",
    "side": "BUY",
    "price": 0.001,
    "size": 2000,
    "transaction_hash": "0x5d801585d5f2ff84feb32306730d4047a0f9deb44e3091a49fc87ed2604bdee7",
    "condition_id": "0x7a0317189d04b35c0607ccf0dc926e620dfda297d4e80c35e909b91f28205d96",
    "bracket_low": 360,
    "bracket_high": 379
  },
  {
    "timestamp": 1773170467,
    "market_slug": "elon-musk-of-tweets-march-3-march-10-360-379",
    "event_slug": "elon-musk-of-tweets-march-3-march-10",
    "token_id": "93243522701749138151972594696003496545906935773267658492241462668699457829961",
    "outcome": "No",
    "side": "SELL",
    "price": 0.999,
    "size": 11,
    "transaction_hash": "0x2a6818706cbdc40f7a4a2d333dc317a2a4a240c4ef533112a6684fbfc1249f03",
    "condition_id": "0x7a0317189d04b35c0607ccf0dc926e620dfda297d4e80c35e909b91f28205d96",
    "bracket_low": 360,
    "bracket_high": 379
  },
  {
    "timestamp": 1773170341,
    "market_slug": "elon-musk-of-tweets-march-3-march-10-380-399",
    "event_slug": "elon-musk-of-tweets-march-3-march-10",
    "token_id": "22834417108138482964077104766878916444285020176914821413712784776106693766226",
    "outcome": "No",
    "side": "SELL",
    "price": 0.999,
    "size": 982.31,
    "transaction_hash": "0xecd4217fb58f9cafb76283870c6d569d7c0a3023be132647eb4f4dc06f42f2c8",
    "condition_id": "0xa654a3a0efe7de098ace53eb8672deab913f753eeb7c9d6fcfd3a3430d862ad2",
    "bracket_low": 380,
    "bracket_high": 399
  },
  {
    "timestamp": 1773170125,
    "market_slug": "elon-musk-of-tweets-march-3-march-10-340-359",
    "event_slug": "elon-musk-of-tweets-march-3-march-10",
    "token_id": "105420761095903609524044522659350811901612125426439585950474110985226420203944",
    "outcome": "No",
    "side": "BUY",
    "price": 0.001,
    "size": 1000,
    "transaction_hash": "0xa0aa24e6a3360d47342b9825654d6bdd05532c4411f57eabebe34e034f74f348",
    "condition_id": "0x8e849b8ae6d1efcd56fcdbf122652a8489c01229767ce1abdbfa67d425b670a8",
    "bracket_low": 340,
    "bracket_high": 359
  },
  {
    "timestamp": 1773170089,
    "market_slug": "elon-musk-of-tweets-march-3-march-10-380-399",
    "event_slug": "elon-musk-of-tweets-march-3-march-10",
    "token_id": "22834417108138482964077104766878916444285020176914821413712784776106693766226",
    "outcome": "No",
    "side": "SELL",
    "price": 0.999,
    "size": 19.19,
    "transaction_hash": "0xa6e48ddb31ab83cbada3d1cc9f125e90116741004f4aeeed139ba81a595aa5b9",
    "condition_id": "0xa654a3a0efe7de098ace53eb8672deab913f753eeb7c9d6fcfd3a3430d862ad2",
    "bracket_low": 380,
    "bracket_high": 399
  },
  {
    "timestamp": 1773170017,
    "market_slug": "elon-musk-of-tweets-march-3-march-10-420-439",
    "event_slug": "elon-musk-of-tweets-march-3-march-10",
    "token_id": "67936917825624867919034458436572557578451102021615141228850144075436377342008",
    "outcome": "Yes",
    "side": "BUY",
    "price": 0.001,
    "size": 1000,
    "transaction_hash": "0x177662f49d50b01fccd61466c195d93da3547bfeb9e773d3f34e76dff79ecc24",
    "condition_id": "0x4c368a013d3309ba927d2db000e195b9285c609a7cd3c628889e931fefd17fe7",
    "bracket_low": 420,
    "bracket_high": 439
  },
  {
    "timestamp": 1773169537,
    "market_slug": "elon-musk-of-tweets-march-3-march-10-340-359",
    "event_slug": "elon-musk-of-tweets-march-3-march-10",
    "token_id": "97600866952005625413295913070273293679775324117195301769055817606530608654708",
    "outcome": "Yes",
    "side": "SELL",
    "price": 0.999,
    "size": 55,
    "transaction_hash": "0xa49918661f8dfb94bd171c4e58f05ebce9ab6b64d8a009e292b6d62bf979d043",
    "condition_id": "0x8e849b8ae6d1efcd56fcdbf122652a8489c01229767ce1abdbfa67d425b670a8",
    "bracket_low": 340,
    "bracket_high": 359
  },
  {
    "timestamp": 1773169343,
    "market_slug": "elon-musk-of-tweets-march-3-march-10-340-359",
    "event_slug": "elon-musk-of-tweets-march-3-march-10",
    "token_id": "97600866952005625413295913070273293679775324117195301769055817606530608654708",
    "outcome": "Yes",
    "side": "SELL",
    "price": 0.999,
    "size": 22.17,
    "transaction_hash": "0xc79d813cb11a67198cf6299557009821c8d53a8d7a8abb5f67def7e12b7d3e52",
    "condition_id": "0x8e849b8ae6d1efcd56fcdbf122652a8489c01229767ce1abdbfa67d425b670a8",
    "bracket_low": 340,
    "bracket_high": 359
  },
  {
    "timestamp": 1773169325,
    "market_slug": "elon-musk-of-tweets-march-3-march-10-340-359",
    "event_slug": "elon-musk-of-tweets-march-3-march-10",
    "token_id": "97600866952005625413295913070273293679775324117195301769055817606530608654708",
    "outcome": "Yes",
    "side": "SELL",
    "price": 0.999,
    "size": 94.33,
    "transaction_hash": "0x9c0e8377cfe6ae3a3a2a13f9145b74b66d7134f6a09bdd9e054b5c6182e4bd91",
    "condition_id": "0x8e849b8ae6d1efcd56fcdbf122652a8489c01229767ce1abdbfa67d425b670a8",
    "bracket_low": 340,
    "bracket_high": 359
  },
  {
    "timestamp": 1773169305,
    "market_slug": "elon-musk-of-tweets-march-3-march-10-400-419",
    "event_slug": "elon-musk-of-tweets-march-3-march-10",
    "token_id": "38986107819284957389539088927026314041293455460169796159050800208701219092433",
    "outcome": "No",
    "side": "SELL",
    "price": 0.999,
    "size": 1003.77,
    "transaction_hash": "0x734d6b485f9f3f2e744002f98ba3787ce1ca5033eb35f8ae24c383466c6e6a9c",
    "condition_id": "0xe7a1fbe80edfb7afe92f74e7651365848b69dc322c7cb70513180e41077fb3d4",
    "bracket_low": 400,
    "bracket_high": 419
  },
  {
    "timestamp": 1773169229,
    "market_slug": "elon-musk-of-tweets-march-3-march-10-340-359",
    "event_slug": "elon-musk-of-tweets-march-3-march-10",
    "token_id": "97600866952005625413295913070273293679775324117195301769055817606530608654708",
    "outcome": "Yes",
    "side": "SELL",
    "price": 0.999,
    "size": 0.07,
    "transaction_hash": "0x7e23419ae06be95ee24e6e56e4be967dde6d1753ab50d6f3c4341ebc4b390323",
    "condition_id": "0x8e849b8ae6d1efcd56fcdbf122652a8489c01229767ce1abdbfa67d425b670a8",
    "bracket_low": 340,
    "bracket_high": 359
  },
  {
    "timestamp": 1773169163,
    "market_slug": "elon-musk-of-tweets-march-3-march-10-340-359",
    "event_slug": "elon-musk-of-tweets-march-3-march-10",
    "token_id": "97600866952005625413295913070273293679775324117195301769055817606530608654708",
    "outcome": "Yes",
    "side": "SELL",
    "price": 0.999,
    "size": 28.09,
    "transaction_hash": "0x4e2e4c832913fcbc8bf2e96d3d8291f0aa474e7e7c0808ebf8b5e4767ce026e7",
    "condition_id": "0x8e849b8ae6d1efcd56fcdbf122652a8489c01229767ce1abdbfa67d425b670a8",
    "bracket_low": 340,
    "bracket_high": 359
  },
  {
    "timestamp": 1773168989,
    "market_slug": "elon-musk-of-tweets-march-3-march-10-340-359",
    "event_slug": "elon-musk-of-tweets-march-3-march-10",
    "token_id": "97600866952005625413295913070273293679775324117195301769055817606530608654708",
    "outcome": "Yes",
    "side": "SELL",
    "price": 0.999,
    "size": 55.55,
    "transaction_hash": "0x13c9d4aea4b4b929261ace5f5f9face46d12c858c0ebe928f896476f7f54a0d3",
    "condition_id": "0x8e849b8ae6d1efcd56fcdbf122652a8489c01229767ce1abdbfa67d425b670a8",
    "bracket_low": 340,
    "bracket_high": 359
  },
  {
    "timestamp": 1773168897,
    "market_slug": "elon-musk-of-tweets-march-3-march-10-340-359",
    "event_slug": "elon-musk-of-tweets-march-3-march-10",
    "token_id": "105420761095903609524044522659350811901612125426439585950474110985226420203944",
    "outcome": "No",
    "side": "BUY",
    "price": 0.001,
    "size": 1000,
    "transaction_hash": "0xe5c85b0b5e90c77f0779ae04131efd01dd0c28cf2d8cd305896a6d5cbb789739",
    "condition_id": "0x8e849b8ae6d1efcd56fcdbf122652a8489c01229767ce1abdbfa67d425b670a8",
    "bracket_low": 340,
    "bracket_high": 359
  },
  {
    "timestamp": 1773168593,
    "market_slug": "elon-musk-of-tweets-march-3-march-10-340-359",
    "event_slug": "elon-musk-of-tweets-march-3-march-10",
    "token_id": "97600866952005625413295913070273293679775324117195301769055817606530608654708",
    "outcome": "Yes",
    "side": "SELL",
    "price": 0.999,
    "size": 1.37,
    "transaction_hash": "0x3c355cd5d89c2cbcfdcc6b10fca7881eeb1cf4efec823d754611a3d7c173dac2",
    "condition_id": "0x8e849b8ae6d1efcd56fcdbf122652a8489c01229767ce1abdbfa67d425b670a8",
    "bracket_low": 340,
    "bracket_high": 359
  },
  {
    "timestamp": 1773168525,
    "market_slug": "elon-musk-of-tweets-march-3-march-10-340-359",
    "event_slug": "elon-musk-of-tweets-march-3-march-10",
    "token_id": "97600866952005625413295913070273293679775324117195301769055817606530608654708",
    "outcome": "Yes",
    "side": "SELL",
    "price": 0.999,
    "size": 4.36,
    "transaction_hash": "0x9b95624a117f114f83103706dd905573b57b28feb72e4017c5c85058e7eafb2a",
    "condition_id": "0x8e849b8ae6d1efcd56fcdbf122652a8489c01229767ce1abdbfa67d425b670a8",
    "bracket_low": 340,
    "bracket_high": 359
  },
  {
    "timestamp": 1773168489,
    "market_slug": "elon-musk-of-tweets-march-3-march-10-340-359",
    "event_slug": "elon-musk-of-tweets-march-3-march-10",
    "token_id": "97600866952005625413295913070273293679775324117195301769055817606530608654708",
    "outcome": "Yes",
    "side": "SELL",
    "price": 0.999,
    "size": 3.69,
    "transaction_hash": "0xfcf71e933bfdfb357103548490f96435a2719e85064d7d658820ce7597b4d118",
    "condition_id": "0x8e849b8ae6d1efcd56fcdbf122652a8489c01229767ce1abdbfa67d425b670a8",
    "bracket_low": 340,
    "bracket_high": 359
  },
  {
    "timestamp": 1773168405,
    "market_slug": "elon-musk-of-tweets-march-3-march-10-340-359",
    "event_slug": "elon-musk-of-tweets-march-3-march-10",
    "token_id": "97600866952005625413295913070273293679775324117195301769055817606530608654708",
    "outcome": "Yes",
    "side": "SELL",
    "price": 0.999,
    "size": 2.73,
    "transaction_hash": "0x21097a2883f456c60b2649da004b1ba36daff43465713ed57503f557dd87d270",
    "condition_id": "0x8e849b8ae6d1efcd56fcdbf122652a8489c01229767ce1abdbfa67d425b670a8",
    "bracket_low": 340,
    "bracket_high": 359
  },
  {
    "timestamp": 1773168383,
    "market_slug": "elon-musk-of-tweets-march-3-march-10-360-379",
    "event_slug": "elon-musk-of-tweets-march-3-march-10",
    "token_id": "5802491423195437106146161885719742329246690750702001117499867192237888487463",
    "outcome": "Yes",
    "side": "BUY",
    "price": 0.001,
    "size": 7.59,
    "transaction_hash": "0x51d0dbe2bbb09d16276203a8cd52d51f4d2bdc42bd4663268c975cd8d195a329",
    "condition_id": "0x7a0317189d04b35c0607ccf0dc926e620dfda297d4e80c35e909b91f28205d96",
    "bracket_low": 360,
    "bracket_high": 379
  },
  {
    "timestamp": 1773168373,
    "market_slug": "elon-musk-of-tweets-march-3-march-10-360-379",
    "event_slug": "elon-musk-of-tweets-march-3-march-10",
    "token_id": "5802491423195437106146161885719742329246690750702001117499867192237888487463",
    "outcome": "Yes",
    "side": "BUY",
    "price": 0.001,
    "size": 7.6,
    "transaction_hash": "0x39c73e6301cddcce4aa3dc6439bfd51354afd7263d13f391ed5ccabbb8c0b1a1",
    "condition_id": "0x7a0317189d04b35c0607ccf0dc926e620dfda297d4e80c35e909b91f28205d96",
    "bracket_low": 360,
    "bracket_high": 379
  },
  {
    "timestamp": 1773168373,
    "market_slug": "elon-musk-of-tweets-march-3-march-10-360-379",
    "event_slug": "elon-musk-of-tweets-march-3-march-10",
    "token_id": "5802491423195437106146161885719742329246690750702001117499867192237888487463",
    "outcome": "Yes",
    "side": "BUY",
    "price": 0.001,
    "size": 9.82,
    "transaction_hash": "0x70ee762781eaa87972712d15daf0216fd28692f5777055ebccf9e7de4044c499",
    "condition_id": "0x7a0317189d04b35c0607ccf0dc926e620dfda297d4e80c35e909b91f28205d96",
    "bracket_low": 360,
    "bracket_high": 379
  },
  {
    "timestamp": 1773168367,
    "market_slug": "elon-musk-of-tweets-march-3-march-10-360-379",
    "event_slug": "elon-musk-of-tweets-march-3-march-10",
    "token_id": "5802491423195437106146161885719742329246690750702001117499867192237888487463",
    "outcome": "Yes",
    "side": "BUY",
    "price": 0.001,
    "size": 7.92,
    "transaction_hash": "0x25c4cac3f289bc555415738ce30e14f02972645965cd01f04e8eebc423053031",
    "condition_id": "0x7a0317189d04b35c0607ccf0dc926e620dfda297d4e80c35e909b91f28205d96",
    "bracket_low": 360,
    "bracket_high": 379
  },
  {
    "timestamp": 1773168361,
    "market_slug": "elon-musk-of-tweets-march-3-march-10-360-379",
    "event_slug": "elon-musk-of-tweets-march-3-march-10",
    "token_id": "5802491423195437106146161885719742329246690750702001117499867192237888487463",
    "outcome": "Yes",
    "side": "BUY",
    "price": 0.001,
    "size": 7.89,
    "transaction_hash": "0xf7b22240d06ee241944b319dfb2dc5cd33a90aa96b4eed34b9e8295d61f1e72e",
    "condition_id": "0x7a0317189d04b35c0607ccf0dc926e620dfda297d4e80c35e909b91f28205d96",
    "bracket_low": 360,
    "bracket_high": 379
  },
  {
    "timestamp": 1773168351,
    "market_slug": "elon-musk-of-tweets-march-3-march-10-360-379",
    "event_slug": "elon-musk-of-tweets-march-3-march-10",
    "token_id": "5802491423195437106146161885719742329246690750702001117499867192237888487463",
    "outcome": "Yes",
    "side": "BUY",
    "price": 0.001,
    "size": 7.9,
    "transaction_hash": "0xfac10b3fe3d138c0c0cb6d8951d2896adcfc863dc7ec278b1025403009621f07",
    "condition_id": "0x7a0317189d04b35c0607ccf0dc926e620dfda297d4e80c35e909b91f28205d96",
    "bracket_low": 360,
    "bracket_high": 379
  },
  {
    "timestamp": 1773168213,
    "market_slug": "elon-musk-of-tweets-march-3-march-10-500-519",
    "event_slug": "elon-musk-of-tweets-march-3-march-10",
    "token_id": "71534260377835830599541323588271312335675464257904742193868014399233201452075",
    "outcome": "Yes",
    "side": "BUY",
    "price": 0.001,
    "size": 1000,
    "transaction_hash": "0x565f529bbe36523b694edf3be57a823dcc51b2f7bff87203a258f1f014eb6c75",
    "condition_id": "0xa807856bf274e3573561b315c650d29bc8a6c687e494e9a50a13a967e85eed92",
    "bracket_low": 500,
    "bracket_high": 519
  },
  {
    "timestamp": 1773168209,
    "market_slug": "elon-musk-of-tweets-march-3-march-10-340-359",
    "event_slug": "elon-musk-of-tweets-march-3-march-10",
    "token_id": "97600866952005625413295913070273293679775324117195301769055817606530608654708",
    "outcome": "Yes",
    "side": "SELL",
    "price": 0.999,
    "size": 100.25,
    "transaction_hash": "0x0aab528863eee84b2c583c927094dbd33cfaa4e55a1479864d0a9558bf7a3358",
    "condition_id": "0x8e849b8ae6d1efcd56fcdbf122652a8489c01229767ce1abdbfa67d425b670a8",
    "bracket_low": 340,
    "bracket_high": 359
  },
  {
    "timestamp": 1773167919,
    "market_slug": "elon-musk-of-tweets-march-3-march-10-340-359",
    "event_slug": "elon-musk-of-tweets-march-3-march-10",
    "token_id": "97600866952005625413295913070273293679775324117195301769055817606530608654708",
    "outcome": "Yes",
    "side": "SELL",
    "price": 0.999,
    "size": 435.29,
    "transaction_hash": "0xb80907d79db998c89edca994cf5ddb1603e273bfeea224d9618f32109c1c2422",
    "condition_id": "0x8e849b8ae6d1efcd56fcdbf122652a8489c01229767ce1abdbfa67d425b670a8",
    "bracket_low": 340,
    "bracket_high": 359
  },
  {
    "timestamp": 1773167459,
    "market_slug": "elon-musk-of-tweets-march-3-march-10-400-419",
    "event_slug": "elon-musk-of-tweets-march-3-march-10",
    "token_id": "93104668424658082198446799717715266636792564316234406160504456349958878560924",
    "outcome": "Yes",
    "side": "BUY",
    "price": 0.001,
    "size": 3000,
    "transaction_hash": "0x9596240203659180360e253652b9f26d36b64536fd7989ede0db79e70489021c",
    "condition_id": "0xe7a1fbe80edfb7afe92f74e7651365848b69dc322c7cb70513180e41077fb3d4",
    "bracket_low": 400,
    "bracket_high": 419
  },
  {
    "timestamp": 1773167435,
    "market_slug": "elon-musk-of-tweets-march-3-march-10-340-359",
    "event_slug": "elon-musk-of-tweets-march-3-march-10",
    "token_id": "105420761095903609524044522659350811901612125426439585950474110985226420203944",
    "outcome": "No",
    "side": "BUY",
    "price": 0.001,
    "size": 1000,
    "transaction_hash": "0xbfcb09f71a15e54cddb64e10ba8563aa871e0859f09b6cb6d42eefd3cdc9a65b",
    "condition_id": "0x8e849b8ae6d1efcd56fcdbf122652a8489c01229767ce1abdbfa67d425b670a8",
    "bracket_low": 340,
    "bracket_high": 359
  },
  {
    "timestamp": 1773167121,
    "market_slug": "elon-musk-of-tweets-march-3-march-10-340-359",
    "event_slug": "elon-musk-of-tweets-march-3-march-10",
    "token_id": "97600866952005625413295913070273293679775324117195301769055817606530608654708",
    "outcome": "Yes",
    "side": "SELL",
    "price": 0.999,
    "size": 11.92,
    "transaction_hash": "0x31c16aa2087c31e2b7181a403285498113d01236521817f5f0273ca2b8477db2",
    "condition_id": "0x8e849b8ae6d1efcd56fcdbf122652a8489c01229767ce1abdbfa67d425b670a8",
    "bracket_low": 340,
    "bracket_high": 359
  },
  {
    "timestamp": 1773167109,
    "market_slug": "elon-musk-of-tweets-march-3-march-10-360-379",
    "event_slug": "elon-musk-of-tweets-march-3-march-10",
    "token_id": "5802491423195437106146161885719742329246690750702001117499867192237888487463",
    "outcome": "Yes",
    "side": "BUY",
    "price": 0.001,
    "size": 3000,
    "transaction_hash": "0x5ba4068d057b4ae75dfd8ef00332b468bc357cbaf2bea968591e07c9d0847c71",
    "condition_id": "0x7a0317189d04b35c0607ccf0dc926e620dfda297d4e80c35e909b91f28205d96",
    "bracket_low": 360,
    "bracket_high": 379
  },
  {
    "timestamp": 1773167029,
    "market_slug": "elon-musk-of-tweets-march-3-march-10-400-419",
    "event_slug": "elon-musk-of-tweets-march-3-march-10",
    "token_id": "93104668424658082198446799717715266636792564316234406160504456349958878560924",
    "outcome": "Yes",
    "side": "BUY",
    "price": 0.001,
    "size": 5000,
    "transaction_hash": "0x33bcc8486edcd212627abeb3254c077c9068244a6edf65a19fc9a58f71b08ea5",
    "condition_id": "0xe7a1fbe80edfb7afe92f74e7651365848b69dc322c7cb70513180e41077fb3d4",
    "bracket_low": 400,
    "bracket_high": 419
  },
  {
    "timestamp": 1773166999,
    "market_slug": "elon-musk-of-tweets-march-3-march-10-380-399",
    "event_slug": "elon-musk-of-tweets-march-3-march-10",
    "token_id": "68958892661907656749191754298290942301942557242770312627401542476261622144374",
    "outcome": "Yes",
    "side": "BUY",
    "price": 0.001,
    "size": 10000,
    "transaction_hash": "0x4ec45117dfa1493e121993cdc780438c0f7088e09505a30c22d9e64d0883c1ef",
    "condition_id": "0xa654a3a0efe7de098ace53eb8672deab913f753eeb7c9d6fcfd3a3430d862ad2",
    "bracket_low": 380,
    "bracket_high": 399
  },
  {
    "timestamp": 1773166983,
    "market_slug": "elon-musk-of-tweets-march-3-march-10-340-359",
    "event_slug": "elon-musk-of-tweets-march-3-march-10",
    "token_id": "97600866952005625413295913070273293679775324117195301769055817606530608654708",
    "outcome": "Yes",
    "side": "SELL",
    "price": 0.999,
    "size": 134.97,
    "transaction_hash": "0xa102096dae68feaf66daf736045e03a1e9a3ecd033e48c7219f222233a22eebc",
    "condition_id": "0x8e849b8ae6d1efcd56fcdbf122652a8489c01229767ce1abdbfa67d425b670a8",
    "bracket_low": 340,
    "bracket_high": 359
  },
  {
    "timestamp": 1773166973,
    "market_slug": "elon-musk-of-tweets-march-3-march-10-340-359",
    "event_slug": "elon-musk-of-tweets-march-3-march-10",
    "token_id": "97600866952005625413295913070273293679775324117195301769055817606530608654708",
    "outcome": "Yes",
    "side": "SELL",
    "price": 0.999,
    "size": 8,
    "transaction_hash": "0xdd2d90c3c9c4e6277bcb78882c8273a4a721bbe0a7db49ca3f7267ade23a5a11",
    "condition_id": "0x8e849b8ae6d1efcd56fcdbf122652a8489c01229767ce1abdbfa67d425b670a8",
    "bracket_low": 340,
    "bracket_high": 359
  },
  {
    "timestamp": 1773166913,
    "market_slug": "elon-musk-of-tweets-march-3-march-10-420-439",
    "event_slug": "elon-musk-of-tweets-march-3-march-10",
    "token_id": "67936917825624867919034458436572557578451102021615141228850144075436377342008",
    "outcome": "Yes",
    "side": "BUY",
    "price": 0.001,
    "size": 10000,
    "transaction_hash": "0x482ad9760c43e56602202ae7bd7afdd3c283755e83c984ed9e601485225b47a7",
    "condition_id": "0x4c368a013d3309ba927d2db000e195b9285c609a7cd3c628889e931fefd17fe7",
    "bracket_low": 420,
    "bracket_high": 439
  },
  {
    "timestamp": 1773166895,
    "market_slug": "elon-musk-of-tweets-march-3-march-10-340-359",
    "event_slug": "elon-musk-of-tweets-march-3-march-10",
    "token_id": "97600866952005625413295913070273293679775324117195301769055817606530608654708",
    "outcome": "Yes",
    "side": "SELL",
    "price": 0.999,
    "size": 10.89,
    "transaction_hash": "0xd21ee7003e5edea7f586f213b0204187cd34594933f2d65ab2cb4beb4df7c393",
    "condition_id": "0x8e849b8ae6d1efcd56fcdbf122652a8489c01229767ce1abdbfa67d425b670a8",
    "bracket_low": 340,
    "bracket_high": 359
  },
  {
    "timestamp": 1773166891,
    "market_slug": "elon-musk-of-tweets-march-3-march-10-480-499",
    "event_slug": "elon-musk-of-tweets-march-3-march-10",
    "token_id": "28406515347865214339967941409900438423334275657840929140309347346022486741113",
    "outcome": "Yes",
    "side": "BUY",
    "price": 0.001,
    "size": 10000,
    "transaction_hash": "0xfea29fd29c04201ccd31959830bc7f6bffaf3adce67e36ff4f037523c55255cd",
    "condition_id": "0x5a1346958ae315eeb6b009861410b22193efac67b5badf7c97e3ca71532dfcff",
    "bracket_low": 480,
    "bracket_high": 499
  },
  {
    "timestamp": 1773166839,
    "market_slug": "elon-musk-of-tweets-march-3-march-10-360-379",
    "event_slug": "elon-musk-of-tweets-march-3-march-10",
    "token_id": "5802491423195437106146161885719742329246690750702001117499867192237888487463",
    "outcome": "Yes",
    "side": "BUY",
    "price": 0.001,
    "size": 10000,
    "transaction_hash": "0xc127054fc76ddc329a778bde65ef75687dd1679e22822cc5e6ce856084319249",
    "condition_id": "0x7a0317189d04b35c0607ccf0dc926e620dfda297d4e80c35e909b91f28205d96",
    "bracket_low": 360,
    "bracket_high": 379
  },
  {
    "timestamp": 1773166787,
    "market_slug": "elon-musk-of-tweets-march-3-march-10-420-439",
    "event_slug": "elon-musk-of-tweets-march-3-march-10",
    "token_id": "67936917825624867919034458436572557578451102021615141228850144075436377342008",
    "outcome": "Yes",
    "side": "BUY",
    "price": 0.001,
    "size": 5000,
    "transaction_hash": "0x7528e68ba53f9d43e284d928b1629b1ef4d43b446499941b30e0810cb1c3df39",
    "condition_id": "0x4c368a013d3309ba927d2db000e195b9285c609a7cd3c628889e931fefd17fe7",
    "bracket_low": 420,
    "bracket_high": 439
  },
  {
    "timestamp": 1773166785,
    "market_slug": "elon-musk-of-tweets-march-3-march-10-340-359",
    "event_slug": "elon-musk-of-tweets-march-3-march-10",
    "token_id": "105420761095903609524044522659350811901612125426439585950474110985226420203944",
    "outcome": "No",
    "side": "BUY",
    "price": 0.001,
    "size": 500,
    "transaction_hash": "0xdc7915a61daef0e5e5ee9db31671c77f49f70a4488bbe7161fbdcf2990d1892f",
    "condition_id": "0x8e849b8ae6d1efcd56fcdbf122652a8489c01229767ce1abdbfa67d425b670a8",
    "bracket_low": 340,
    "bracket_high": 359
  },
  {
    "timestamp": 1773166779,
    "market_slug": "elon-musk-of-tweets-march-3-march-10-360-379",
    "event_slug": "elon-musk-of-tweets-march-3-march-10",
    "token_id": "93243522701749138151972594696003496545906935773267658492241462668699457829961",
    "outcome": "No",
    "side": "SELL",
    "price": 0.999,
    "size": 30.3,
    "transaction_hash": "0xce79ae7123cbe391f3ee96edf245d1edc6a1362cd5b0169ad516a7b7f42ead5c",
    "condition_id": "0x7a0317189d04b35c0607ccf0dc926e620dfda297d4e80c35e909b91f28205d96",
    "bracket_low": 360,
    "bracket_high": 379
  },
  {
    "timestamp": 1773166761,
    "market_slug": "elon-musk-of-tweets-march-3-march-10-340-359",
    "event_slug": "elon-musk-of-tweets-march-3-march-10",
    "token_id": "97600866952005625413295913070273293679775324117195301769055817606530608654708",
    "outcome": "Yes",
    "side": "SELL",
    "price": 0.999,
    "size": 103.66,
    "transaction_hash": "0xf9e027a7e17696705e22ff1ca7b06e015d8b8a9a0cf53e04e879ca8d8fae176f",
    "condition_id": "0x8e849b8ae6d1efcd56fcdbf122652a8489c01229767ce1abdbfa67d425b670a8",
    "bracket_low": 340,
    "bracket_high": 359
  },
  {
    "timestamp": 1773166475,
    "market_slug": "elon-musk-of-tweets-march-3-march-10-340-359",
    "event_slug": "elon-musk-of-tweets-march-3-march-10",
    "token_id": "97600866952005625413295913070273293679775324117195301769055817606530608654708",
    "outcome": "Yes",
    "side": "SELL",
    "price": 0.999,
    "size": 1.2,
    "transaction_hash": "0xcf2d15602e770b7e23eda1f20a8fd91b844dcd7e7824401bf544349dcbd093af",
    "condition_id": "0x8e849b8ae6d1efcd56fcdbf122652a8489c01229767ce1abdbfa67d425b670a8",
    "bracket_low": 340,
    "bracket_high": 359
  },
  {
    "timestamp": 1773166413,
    "market_slug": "elon-musk-of-tweets-march-3-march-10-340-359",
    "event_slug": "elon-musk-of-tweets-march-3-march-10",
    "token_id": "105420761095903609524044522659350811901612125426439585950474110985226420203944",
    "outcome": "No",
    "side": "BUY",
    "price": 0.002,
    "size": 500,
    "transaction_hash": "0xcd0b7c9dc09ca0c397b63d1787f6042efa2e8b8705d4d88fd0377bc00f2db593",
    "condition_id": "0x8e849b8ae6d1efcd56fcdbf122652a8489c01229767ce1abdbfa67d425b670a8",
    "bracket_low": 340,
    "bracket_high": 359
  },
  {
    "timestamp": 1773166369,
    "market_slug": "elon-musk-of-tweets-march-3-march-10-340-359",
    "event_slug": "elon-musk-of-tweets-march-3-march-10",
    "token_id": "97600866952005625413295913070273293679775324117195301769055817606530608654708",
    "outcome": "Yes",
    "side": "SELL",
    "price": 0.9980297140615854,
    "size": 3365.41,
    "transaction_hash": "0x08578f9b37fc7e845b14908bbb440014d26f8ea89df44e0110676d826d629fa9",
    "condition_id": "0x8e849b8ae6d1efcd56fcdbf122652a8489c01229767ce1abdbfa67d425b670a8",
    "bracket_low": 340,
    "bracket_high": 359
  },
  {
    "timestamp": 1773166325,
    "market_slug": "elon-musk-of-tweets-march-3-march-10-340-359",
    "event_slug": "elon-musk-of-tweets-march-3-march-10",
    "token_id": "97600866952005625413295913070273293679775324117195301769055817606530608654708",
    "outcome": "Yes",
    "side": "BUY",
    "price": 0.9989999989623422,
    "size": 491.49149,
    "transaction_hash": "0xc9bacb3dba5270e68695463826b3bc48cea972a42fced2b2dd9f39d4ff097683",
    "condition_id": "0x8e849b8ae6d1efcd56fcdbf122652a8489c01229767ce1abdbfa67d425b670a8",
    "bracket_low": 340,
    "bracket_high": 359
  },
  {
    "timestamp": 1773166303,
    "market_slug": "elon-musk-of-tweets-march-3-march-10-360-379",
    "event_slug": "elon-musk-of-tweets-march-3-march-10",
    "token_id": "93243522701749138151972594696003496545906935773267658492241462668699457829961",
    "outcome": "No",
    "side": "SELL",
    "price": 0.999,
    "size": 978.81,
    "transaction_hash": "0xe64ca7b369cb3fd3c68f3de71462a7556b5155f422246f0660720712f754be29",
    "condition_id": "0x7a0317189d04b35c0607ccf0dc926e620dfda297d4e80c35e909b91f28205d96",
    "bracket_low": 360,
    "bracket_high": 379
  },
  {
    "timestamp": 1773166285,
    "market_slug": "elon-musk-of-tweets-march-3-march-10-360-379",
    "event_slug": "elon-musk-of-tweets-march-3-march-10",
    "token_id": "93243522701749138151972594696003496545906935773267658492241462668699457829961",
    "outcome": "No",
    "side": "BUY",
    "price": 0.999,
    "size": 1721.31,
    "transaction_hash": "0xcabb10170861d683479e4cae5b8c8004eb4eda7b5462a04e2c810c25fe491823",
    "condition_id": "0x7a0317189d04b35c0607ccf0dc926e620dfda297d4e80c35e909b91f28205d96",
    "bracket_low": 360,
    "bracket_high": 379
  },
  {
    "timestamp": 1773166277,
    "market_slug": "elon-musk-of-tweets-march-3-march-10-340-359",
    "event_slug": "elon-musk-of-tweets-march-3-march-10",
    "token_id": "97600866952005625413295913070273293679775324117195301769055817606530608654708",
    "outcome": "Yes",
    "side": "SELL",
    "price": 0.998,
    "size": 96,
    "transaction_hash": "0xa202ddbccaf1cf063a1d30a7b22995e5ea208bc7be330b56ecafc5fc61471cff",
    "condition_id": "0x8e849b8ae6d1efcd56fcdbf122652a8489c01229767ce1abdbfa67d425b670a8",
    "bracket_low": 340,
    "bracket_high": 359
  },
  {
    "timestamp": 1773166181,
    "market_slug": "elon-musk-of-tweets-march-3-march-10-360-379",
    "event_slug": "elon-musk-of-tweets-march-3-march-10",
    "token_id": "5802491423195437106146161885719742329246690750702001117499867192237888487463",
    "outcome": "Yes",
    "side": "SELL",
    "price": 0.001,
    "size": 300,
    "transaction_hash": "0x80a09eb6b020327696c06da60607082436d6edae3e3d6fdb05bb357883150fec",
    "condition_id": "0x7a0317189d04b35c0607ccf0dc926e620dfda297d4e80c35e909b91f28205d96",
    "bracket_low": 360,
    "bracket_high": 379
  },
  {
    "timestamp": 1773166175,
    "market_slug": "elon-musk-of-tweets-march-3-march-10-360-379",
    "event_slug": "elon-musk-of-tweets-march-3-march-10",
    "token_id": "5802491423195437106146161885719742329246690750702001117499867192237888487463",
    "outcome": "Yes",
    "side": "SELL",
    "price": 0.001,
    "size": 5,
    "transaction_hash": "0xaed786b327a8fff13f5b9b2c000613cfe92219767379677c2124e4c8a382a7a9",
    "condition_id": "0x7a0317189d04b35c0607ccf0dc926e620dfda297d4e80c35e909b91f28205d96",
    "bracket_low": 360,
    "bracket_high": 379
  },
  {
    "timestamp": 1773166173,
    "market_slug": "elon-musk-of-tweets-march-3-march-10-360-379",
    "event_slug": "elon-musk-of-tweets-march-3-march-10",
    "token_id": "5802491423195437106146161885719742329246690750702001117499867192237888487463",
    "outcome": "Yes",
    "side": "BUY",
    "price": 0.001,
    "size": 53.69,
    "transaction_hash": "0x5593a3db8c123998ab4c446c78b45736d6746701654fa3ea161f9fb82f4a5092",
    "condition_id": "0x7a0317189d04b35c0607ccf0dc926e620dfda297d4e80c35e909b91f28205d96",
    "bracket_low": 360,
    "bracket_high": 379
  },
  {
    "timestamp": 1773166163,
    "market_slug": "elon-musk-of-tweets-march-3-march-10-360-379",
    "event_slug": "elon-musk-of-tweets-march-3-march-10",
    "token_id": "5802491423195437106146161885719742329246690750702001117499867192237888487463",
    "outcome": "Yes",
    "side": "SELL",
    "price": 0.001,
    "size": 1000,
    "transaction_hash": "0xb62e7587b21e0348dd4335ac23b7952c798b454c15b9d5883e82de05931fa6d4",
    "condition_id": "0x7a0317189d04b35c0607ccf0dc926e620dfda297d4e80c35e909b91f28205d96",
    "bracket_low": 360,
    "bracket_high": 379
  },
  {
    "timestamp": 1773166077,
    "market_slug": "elon-musk-of-tweets-march-3-march-10-380-399",
    "event_slug": "elon-musk-of-tweets-march-3-march-10",
    "token_id": "22834417108138482964077104766878916444285020176914821413712784776106693766226",
    "outcome": "No",
    "side": "SELL",
    "price": 0.999,
    "size": 1434.65,
    "transaction_hash": "0xdf125c315f5facfdd059475638f9318bcb94069e282d159033f9044af2265145",
    "condition_id": "0xa654a3a0efe7de098ace53eb8672deab913f753eeb7c9d6fcfd3a3430d862ad2",
    "bracket_low": 380,
    "bracket_high": 399
  },
  {
    "timestamp": 1773166031,
    "market_slug": "elon-musk-of-tweets-march-3-march-10-340-359",
    "event_slug": "elon-musk-of-tweets-march-3-march-10",
    "token_id": "97600866952005625413295913070273293679775324117195301769055817606530608654708",
    "outcome": "Yes",
    "side": "SELL",
    "price": 0.998,
    "size": 37.38,
    "transaction_hash": "0x52b91ffbb4907f058cfe9689adcbab9112caa536786bf406b1fef5a57a0679ca",
    "condition_id": "0x8e849b8ae6d1efcd56fcdbf122652a8489c01229767ce1abdbfa67d425b670a8",
    "bracket_low": 340,
    "bracket_high": 359
  },
  {
    "timestamp": 1773166023,
    "market_slug": "elon-musk-of-tweets-march-3-march-10-360-379",
    "event_slug": "elon-musk-of-tweets-march-3-march-10",
    "token_id": "5802491423195437106146161885719742329246690750702001117499867192237888487463",
    "outcome": "Yes",
    "side": "SELL",
    "price": 0.001,
    "size": 500,
    "transaction_hash": "0xc073bbd82030272990a4d24c1c1dcf08135eb63891dc8f0a0021b944cae00b74",
    "condition_id": "0x7a0317189d04b35c0607ccf0dc926e620dfda297d4e80c35e909b91f28205d96",
    "bracket_low": 360,
    "bracket_high": 379
  },
  {
    "timestamp": 1773166019,
    "market_slug": "elon-musk-of-tweets-march-3-march-10-360-379",
    "event_slug": "elon-musk-of-tweets-march-3-march-10",
    "token_id": "5802491423195437106146161885719742329246690750702001117499867192237888487463",
    "outcome": "Yes",
    "side": "BUY",
    "price": 0.001,
    "size": 51.6,
    "transaction_hash": "0x6722fcd4aa644ce8daaadbccbc7f1dcc87bcbc4adeb0155a808045a87ced3048",
    "condition_id": "0x7a0317189d04b35c0607ccf0dc926e620dfda297d4e80c35e909b91f28205d96",
    "bracket_low": 360,
    "bracket_high": 379
  },
  {
    "timestamp": 1773165971,
    "market_slug": "elon-musk-of-tweets-march-3-march-10-340-359",
    "event_slug": "elon-musk-of-tweets-march-3-march-10",
    "token_id": "97600866952005625413295913070273293679775324117195301769055817606530608654708",
    "outcome": "Yes",
    "side": "SELL",
    "price": 0.998,
    "size": 9.47,
    "transaction_hash": "0x617247beb0796376bf066f629b05b14de1edff52bab9296a09569c275c400a81",
    "condition_id": "0x8e849b8ae6d1efcd56fcdbf122652a8489c01229767ce1abdbfa67d425b670a8",
    "bracket_low": 340,
    "bracket_high": 359
  },
  {
    "timestamp": 1773165877,
    "market_slug": "elon-musk-of-tweets-march-3-march-10-340-359",
    "event_slug": "elon-musk-of-tweets-march-3-march-10",
    "token_id": "97600866952005625413295913070273293679775324117195301769055817606530608654708",
    "outcome": "Yes",
    "side": "SELL",
    "price": 0.998,
    "size": 3,
    "transaction_hash": "0x9e9232119c2d4ad96861781b261dc0aee1aff557a4e75894287e796aa7387d0a",
    "condition_id": "0x8e849b8ae6d1efcd56fcdbf122652a8489c01229767ce1abdbfa67d425b670a8",
    "bracket_low": 340,
    "bracket_high": 359
  },
  {
    "timestamp": 1773165777,
    "market_slug": "elon-musk-of-tweets-march-3-march-10-340-359",
    "event_slug": "elon-musk-of-tweets-march-3-march-10",
    "token_id": "97600866952005625413295913070273293679775324117195301769055817606530608654708",
    "outcome": "Yes",
    "side": "SELL",
    "price": 0.998,
    "size": 8.47,
    "transaction_hash": "0xe4f786b692ec87ef6d8b409c29700ad223bcf11524e2bd7132abda6a6a3c911c",
    "condition_id": "0x8e849b8ae6d1efcd56fcdbf122652a8489c01229767ce1abdbfa67d425b670a8",
    "bracket_low": 340,
    "bracket_high": 359
  },
  {
    "timestamp": 1773165765,
    "market_slug": "elon-musk-of-tweets-march-3-march-10-340-359",
    "event_slug": "elon-musk-of-tweets-march-3-march-10",
    "token_id": "97600866952005625413295913070273293679775324117195301769055817606530608654708",
    "outcome": "Yes",
    "side": "SELL",
    "price": 0.998,
    "size": 55.55,
    "transaction_hash": "0x8565a9842f99523ab2bfb00098bceeb2c5ac2f010830136e82a290ff0052d326",
    "condition_id": "0x8e849b8ae6d1efcd56fcdbf122652a8489c01229767ce1abdbfa67d425b670a8",
    "bracket_low": 340,
    "bracket_high": 359
  },
  {
    "timestamp": 1773165705,
    "market_slug": "elon-musk-of-tweets-march-3-march-10-340-359",
    "event_slug": "elon-musk-of-tweets-march-3-march-10",
    "token_id": "97600866952005625413295913070273293679775324117195301769055817606530608654708",
    "outcome": "Yes",
    "side": "SELL",
    "price": 0.998,
    "size": 2.01,
    "transaction_hash": "0x308b6a8c5710ce44aeae384d1bdfce182526badaa9f6b4828ae940a167ba9798",
    "condition_id": "0x8e849b8ae6d1efcd56fcdbf122652a8489c01229767ce1abdbfa67d425b670a8",
    "bracket_low": 340,
    "bracket_high": 359
  },
  {
    "timestamp": 1773165699,
    "market_slug": "elon-musk-of-tweets-march-3-march-10-360-379",
    "event_slug": "elon-musk-of-tweets-march-3-march-10",
    "token_id": "93243522701749138151972594696003496545906935773267658492241462668699457829961",
    "outcome": "No",
    "side": "SELL",
    "price": 0.999,
    "size": 2,
    "transaction_hash": "0xb461e4a2174c9cf748ab787042327dcc9d340930b5e14636c9f9f6ed6df04846",
    "condition_id": "0x7a0317189d04b35c0607ccf0dc926e620dfda297d4e80c35e909b91f28205d96",
    "bracket_low": 360,
    "bracket_high": 379
  },
  {
    "timestamp": 1773165633,
    "market_slug": "elon-musk-of-tweets-march-3-march-10-340-359",
    "event_slug": "elon-musk-of-tweets-march-3-march-10",
    "token_id": "97600866952005625413295913070273293679775324117195301769055817606530608654708",
    "outcome": "Yes",
    "side": "SELL",
    "price": 0.999,
    "size": 323.03,
    "transaction_hash": "0xc1193bea421e6b8f5f993eb5f5b42d3e939ace87599000cd973785e9d2307105",
    "condition_id": "0x8e849b8ae6d1efcd56fcdbf122652a8489c01229767ce1abdbfa67d425b670a8",
    "bracket_low": 340,
    "bracket_high": 359
  },
  {
    "timestamp": 1773165633,
    "market_slug": "elon-musk-of-tweets-march-3-march-10-340-359",
    "event_slug": "elon-musk-of-tweets-march-3-march-10",
    "token_id": "105420761095903609524044522659350811901612125426439585950474110985226420203944",
    "outcome": "No",
    "side": "SELL",
    "price": 0.001,
    "size": 44,
    "transaction_hash": "0x187e15c924bdd9f50699decff7c5175d89fc88bdfc79720ff06400150417b3d6",
    "condition_id": "0x8e849b8ae6d1efcd56fcdbf122652a8489c01229767ce1abdbfa67d425b670a8",
    "bracket_low": 340,
    "bracket_high": 359
  },
  {
    "timestamp": 1773165633,
    "market_slug": "elon-musk-of-tweets-march-3-march-10-340-359",
    "event_slug": "elon-musk-of-tweets-march-3-march-10",
    "token_id": "105420761095903609524044522659350811901612125426439585950474110985226420203944",
    "outcome": "No",
    "side": "SELL",
    "price": 0.001,
    "size": 52.97,
    "transaction_hash": "0x0c697fda7518b66455775e8d75c340fc003161e88ea33acdbd9586a9e2afbfca",
    "condition_id": "0x8e849b8ae6d1efcd56fcdbf122652a8489c01229767ce1abdbfa67d425b670a8",
    "bracket_low": 340,
    "bracket_high": 359
  },
  {
    "timestamp": 1773165611,
    "market_slug": "elon-musk-of-tweets-march-3-march-10-340-359",
    "event_slug": "elon-musk-of-tweets-march-3-march-10",
    "token_id": "97600866952005625413295913070273293679775324117195301769055817606530608654708",
    "outcome": "Yes",
    "side": "BUY",
    "price": 0.999,
    "size": 1.001,
    "transaction_hash": "0xe727c46fa4bcdee1d41eb597fb93e38aea6a176321af8748e8e4d4870879e377",
    "condition_id": "0x8e849b8ae6d1efcd56fcdbf122652a8489c01229767ce1abdbfa67d425b670a8",
    "bracket_low": 340,
    "bracket_high": 359
  },
  {
    "timestamp": 1773165609,
    "market_slug": "elon-musk-of-tweets-march-3-march-10-340-359",
    "event_slug": "elon-musk-of-tweets-march-3-march-10",
    "token_id": "97600866952005625413295913070273293679775324117195301769055817606530608654708",
    "outcome": "Yes",
    "side": "BUY",
    "price": 0.999,
    "size": 1.001,
    "transaction_hash": "0x8d035d5490676a5eacc716991bb04d6e9577a95242bdfc0951fbe7f41e5f339a",
    "condition_id": "0x8e849b8ae6d1efcd56fcdbf122652a8489c01229767ce1abdbfa67d425b670a8",
    "bracket_low": 340,
    "bracket_high": 359
  },
  {
    "timestamp": 1773165607,
    "market_slug": "elon-musk-of-tweets-march-3-march-10-340-359",
    "event_slug": "elon-musk-of-tweets-march-3-march-10",
    "token_id": "97600866952005625413295913070273293679775324117195301769055817606530608654708",
    "outcome": "Yes",
    "side": "BUY",
    "price": 0.999,
    "size": 1.001,
    "transaction_hash": "0x59ddcd977ac5fefaf9ef81a6be08aee4fda6baef2ea744c94e166c8a0c7660d7",
    "condition_id": "0x8e849b8ae6d1efcd56fcdbf122652a8489c01229767ce1abdbfa67d425b670a8",
    "bracket_low": 340,
    "bracket_high": 359
  },
  {
    "timestamp": 1773165557,
    "market_slug": "elon-musk-of-tweets-march-3-march-10-340-359",
    "event_slug": "elon-musk-of-tweets-march-3-march-10",
    "token_id": "97600866952005625413295913070273293679775324117195301769055817606530608654708",
    "outcome": "Yes",
    "side": "SELL",
    "price": 0.998,
    "size": 2.04,
    "transaction_hash": "0x988bb2df2c0a3b4fdb4ae16118e970823775cdb355b7eb06844ea1cc4a26f929",
    "condition_id": "0x8e849b8ae6d1efcd56fcdbf122652a8489c01229767ce1abdbfa67d425b670a8",
    "bracket_low": 340,
    "bracket_high": 359
  },
  {
    "timestamp": 1773165351,
    "market_slug": "elon-musk-of-tweets-march-3-march-10-360-379",
    "event_slug": "elon-musk-of-tweets-march-3-march-10",
    "token_id": "5802491423195437106146161885719742329246690750702001117499867192237888487463",
    "outcome": "Yes",
    "side": "BUY",
    "price": 0.001,
    "size": 1000,
    "transaction_hash": "0xacdbc5b5f4ee924703ecfbecca6eba320f31c6018fa55223dd7a2e815a9005ce",
    "condition_id": "0x7a0317189d04b35c0607ccf0dc926e620dfda297d4e80c35e909b91f28205d96",
    "bracket_low": 360,
    "bracket_high": 379
  },
  {
    "timestamp": 1773165331,
    "market_slug": "elon-musk-of-tweets-march-3-march-10-420-439",
    "event_slug": "elon-musk-of-tweets-march-3-march-10",
    "token_id": "67936917825624867919034458436572557578451102021615141228850144075436377342008",
    "outcome": "Yes",
    "side": "BUY",
    "price": 0.001,
    "size": 500,
    "transaction_hash": "0xe8a224c7558d98f14d4d88287075878b2542c0291d8ea3612cc832f800eeb942",
    "condition_id": "0x4c368a013d3309ba927d2db000e195b9285c609a7cd3c628889e931fefd17fe7",
    "bracket_low": 420,
    "bracket_high": 439
  },
  {
    "timestamp": 1773164975,
    "market_slug": "elon-musk-of-tweets-march-3-march-10-380-399",
    "event_slug": "elon-musk-of-tweets-march-3-march-10",
    "token_id": "22834417108138482964077104766878916444285020176914821413712784776106693766226",
    "outcome": "No",
    "side": "SELL",
    "price": 0.999,
    "size": 398.63,
    "transaction_hash": "0x4af2a9feb5061e5660d397b86ecc10b97c236091caff5198e81e2f6c6dd35a12",
    "condition_id": "0xa654a3a0efe7de098ace53eb8672deab913f753eeb7c9d6fcfd3a3430d862ad2",
    "bracket_low": 380,
    "bracket_high": 399
  },
  {
    "timestamp": 1773164971,
    "market_slug": "elon-musk-of-tweets-march-3-march-10-360-379",
    "event_slug": "elon-musk-of-tweets-march-3-march-10",
    "token_id": "5802491423195437106146161885719742329246690750702001117499867192237888487463",
    "outcome": "Yes",
    "side": "BUY",
    "price": 0.001,
    "size": 1000,
    "transaction_hash": "0x4b65fa94a9248d6b85019820ad1d3e66af4a6e86dc8ea0eeb5b742da59da1b65",
    "condition_id": "0x7a0317189d04b35c0607ccf0dc926e620dfda297d4e80c35e909b91f28205d96",
    "bracket_low": 360,
    "bracket_high": 379
  },
  {
    "timestamp": 1773164939,
    "market_slug": "elon-musk-of-tweets-march-3-march-10-360-379",
    "event_slug": "elon-musk-of-tweets-march-3-march-10",
    "token_id": "5802491423195437106146161885719742329246690750702001117499867192237888487463",
    "outcome": "Yes",
    "side": "BUY",
    "price": 0.001,
    "size": 10000,
    "transaction_hash": "0xd422d7cb7fd5471562e70ec37a5643b805938fdfacc9612514cfaec062d500fa",
    "condition_id": "0x7a0317189d04b35c0607ccf0dc926e620dfda297d4e80c35e909b91f28205d96",
    "bracket_low": 360,
    "bracket_high": 379
  },
  {
    "timestamp": 1773164923,
    "market_slug": "elon-musk-of-tweets-march-3-march-10-360-379",
    "event_slug": "elon-musk-of-tweets-march-3-march-10",
    "token_id": "93243522701749138151972594696003496545906935773267658492241462668699457829961",
    "outcome": "No",
    "side": "SELL",
    "price": 0.999,
    "size": 90.98,
    "transaction_hash": "0x34419556c4dcaf13340d499bd68db13eed20d0c52bf4ad4a344137142722fe39",
    "condition_id": "0x7a0317189d04b35c0607ccf0dc926e620dfda297d4e80c35e909b91f28205d96",
    "bracket_low": 360,
    "bracket_high": 379
  },
  {
    "timestamp": 1773164915,
    "market_slug": "elon-musk-of-tweets-march-3-march-10-380-399",
    "event_slug": "elon-musk-of-tweets-march-3-march-10",
    "token_id": "22834417108138482964077104766878916444285020176914821413712784776106693766226",
    "outcome": "No",
    "side": "SELL",
    "price": 0.999,
    "size": 481.25,
    "transaction_hash": "0xf9dc435db37fa5a28042477c9eb7879a3f0eb5a98108b473c954893b9166340a",
    "condition_id": "0xa654a3a0efe7de098ace53eb8672deab913f753eeb7c9d6fcfd3a3430d862ad2",
    "bracket_low": 380,
    "bracket_high": 399
  },
  {
    "timestamp": 1773164893,
    "market_slug": "elon-musk-of-tweets-march-3-march-10-360-379",
    "event_slug": "elon-musk-of-tweets-march-3-march-10",
    "token_id": "93243522701749138151972594696003496545906935773267658492241462668699457829961",
    "outcome": "No",
    "side": "SELL",
    "price": 0.999,
    "size": 44.54,
    "transaction_hash": "0x21f3389795f97780a9dfb74da425b0b9e0b4853e8e4b52633ff1fea0bc1db9cb",
    "condition_id": "0x7a0317189d04b35c0607ccf0dc926e620dfda297d4e80c35e909b91f28205d96",
    "bracket_low": 360,
    "bracket_high": 379
  },
  {
    "timestamp": 1773164869,
    "market_slug": "elon-musk-of-tweets-march-3-march-10-340-359",
    "event_slug": "elon-musk-of-tweets-march-3-march-10",
    "token_id": "97600866952005625413295913070273293679775324117195301769055817606530608654708",
    "outcome": "Yes",
    "side": "SELL",
    "price": 0.998,
    "size": 67.19,
    "transaction_hash": "0xea21420d3d1fb389722e720979a1fa37e2e11bd1f78dd513c26f072112cae9f9",
    "condition_id": "0x8e849b8ae6d1efcd56fcdbf122652a8489c01229767ce1abdbfa67d425b670a8",
    "bracket_low": 340,
    "bracket_high": 359
  },
  {
    "timestamp": 1773164791,
    "market_slug": "elon-musk-of-tweets-march-3-march-10-360-379",
    "event_slug": "elon-musk-of-tweets-march-3-march-10",
    "token_id": "93243522701749138151972594696003496545906935773267658492241462668699457829961",
    "outcome": "No",
    "side": "SELL",
    "price": 0.999,
    "size": 500,
    "transaction_hash": "0xf662793e82af7554b5e1417cad0e9e9bd4e141e3531e742864ae1ec29e22b15b",
    "condition_id": "0x7a0317189d04b35c0607ccf0dc926e620dfda297d4e80c35e909b91f28205d96",
    "bracket_low": 360,
    "bracket_high": 379
  },
  {
    "timestamp": 1773164579,
    "market_slug": "elon-musk-of-tweets-march-3-march-10-360-379",
    "event_slug": "elon-musk-of-tweets-march-3-march-10",
    "token_id": "93243522701749138151972594696003496545906935773267658492241462668699457829961",
    "outcome": "No",
    "side": "SELL",
    "price": 0.999,
    "size": 581.28,
    "transaction_hash": "0x743006e512b078006afaa2bd2a2fc0c4057975b8f86b9f48c95d01ecb03a1188",
    "condition_id": "0x7a0317189d04b35c0607ccf0dc926e620dfda297d4e80c35e909b91f28205d96",
    "bracket_low": 360,
    "bracket_high": 379
  },
  {
    "timestamp": 1773164517,
    "market_slug": "elon-musk-of-tweets-march-3-march-10-360-379",
    "event_slug": "elon-musk-of-tweets-march-3-march-10",
    "token_id": "5802491423195437106146161885719742329246690750702001117499867192237888487463",
    "outcome": "Yes",
    "side": "BUY",
    "price": 0.001,
    "size": 1540,
    "transaction_hash": "0x5955d71fb426795856b1a40806f4978485772dc7b79d2ce380a477b1a8cb855f",
    "condition_id": "0x7a0317189d04b35c0607ccf0dc926e620dfda297d4e80c35e909b91f28205d96",
    "bracket_low": 360,
    "bracket_high": 379
  },
  {
    "timestamp": 1773164507,
    "market_slug": "elon-musk-of-tweets-march-3-march-10-360-379",
    "event_slug": "elon-musk-of-tweets-march-3-march-10",
    "token_id": "93243522701749138151972594696003496545906935773267658492241462668699457829961",
    "outcome": "No",
    "side": "SELL",
    "price": 0.999,
    "size": 172.56,
    "transaction_hash": "0x03390b0c88fb85b160c3290d8368c90d6e4825b1e993bcb61595551575ce3a15",
    "condition_id": "0x7a0317189d04b35c0607ccf0dc926e620dfda297d4e80c35e909b91f28205d96",
    "bracket_low": 360,
    "bracket_high": 379
  },
  {
    "timestamp": 1773164297,
    "market_slug": "elon-musk-of-tweets-march-3-march-10-360-379",
    "event_slug": "elon-musk-of-tweets-march-3-march-10",
    "token_id": "93243522701749138151972594696003496545906935773267658492241462668699457829961",
    "outcome": "No",
    "side": "SELL",
    "price": 0.999,
    "size": 803.95,
    "transaction_hash": "0xa7b8086923512d29f2dc6d979ce98409809ef0f74cf3bfd9a85f85b7f5cb0ad4",
    "condition_id": "0x7a0317189d04b35c0607ccf0dc926e620dfda297d4e80c35e909b91f28205d96",
    "bracket_low": 360,
    "bracket_high": 379
  },
  {
    "timestamp": 1773164091,
    "market_slug": "elon-musk-of-tweets-march-3-march-10-340-359",
    "event_slug": "elon-musk-of-tweets-march-3-march-10",
    "token_id": "97600866952005625413295913070273293679775324117195301769055817606530608654708",
    "outcome": "Yes",
    "side": "SELL",
    "price": 0.999,
    "size": 348.34,
    "transaction_hash": "0xaa8faf4db811c77894e10b5036b0c02a8bb8b14371b9e1d45e5d56b79dc9d1a2",
    "condition_id": "0x8e849b8ae6d1efcd56fcdbf122652a8489c01229767ce1abdbfa67d425b670a8",
    "bracket_low": 340,
    "bracket_high": 359
  },
  {
    "timestamp": 1773164065,
    "market_slug": "elon-musk-of-tweets-march-3-march-10-340-359",
    "event_slug": "elon-musk-of-tweets-march-3-march-10",
    "token_id": "97600866952005625413295913070273293679775324117195301769055817606530608654708",
    "outcome": "Yes",
    "side": "SELL",
    "price": 0.999,
    "size": 51.66,
    "transaction_hash": "0xeb1dc571b005b31561481b3ee39f3c7f09789e7e15739ed191f5f4b914ee6398",
    "condition_id": "0x8e849b8ae6d1efcd56fcdbf122652a8489c01229767ce1abdbfa67d425b670a8",
    "bracket_low": 340,
    "bracket_high": 359
  },
  {
    "timestamp": 1773163951,
    "market_slug": "elon-musk-of-tweets-march-3-march-10-340-359",
    "event_slug": "elon-musk-of-tweets-march-3-march-10",
    "token_id": "105420761095903609524044522659350811901612125426439585950474110985226420203944",
    "outcome": "No",
    "side": "BUY",
    "price": 0.0019230769230769232,
    "size": 520,
    "transaction_hash": "0x771ebc8e76010559fdf3fc5952420d975ae8c7250eda2f5c6b723513883ab94b",
    "condition_id": "0x8e849b8ae6d1efcd56fcdbf122652a8489c01229767ce1abdbfa67d425b670a8",
    "bracket_low": 340,
    "bracket_high": 359
  },
  {
    "timestamp": 1773163881,
    "market_slug": "elon-musk-of-tweets-march-3-march-10-340-359",
    "event_slug": "elon-musk-of-tweets-march-3-march-10",
    "token_id": "97600866952005625413295913070273293679775324117195301769055817606530608654708",
    "outcome": "Yes",
    "side": "BUY",
    "price": 0.999,
    "size": 891.42,
    "transaction_hash": "0xefbcc671c0a7c10e5a35d4ee8ecb476841fc4b26243fdace20f2ec36b911a615",
    "condition_id": "0x8e849b8ae6d1efcd56fcdbf122652a8489c01229767ce1abdbfa67d425b670a8",
    "bracket_low": 340,
    "bracket_high": 359
  },
  {
    "timestamp": 1773163833,
    "market_slug": "elon-musk-of-tweets-march-3-march-10-340-359",
    "event_slug": "elon-musk-of-tweets-march-3-march-10",
    "token_id": "97600866952005625413295913070273293679775324117195301769055817606530608654708",
    "outcome": "Yes",
    "side": "SELL",
    "price": 0.998,
    "size": 10.63,
    "transaction_hash": "0x95e2711fdfb31a9e26cc81f4215fd14905c4f0931e9f068471cfe792b6a13899",
    "condition_id": "0x8e849b8ae6d1efcd56fcdbf122652a8489c01229767ce1abdbfa67d425b670a8",
    "bracket_low": 340,
    "bracket_high": 359
  },
  {
    "timestamp": 1773163787,
    "market_slug": "elon-musk-of-tweets-march-3-march-10-340-359",
    "event_slug": "elon-musk-of-tweets-march-3-march-10",
    "token_id": "97600866952005625413295913070273293679775324117195301769055817606530608654708",
    "outcome": "Yes",
    "side": "SELL",
    "price": 0.998,
    "size": 13.3,
    "transaction_hash": "0xac90586a1a826321f84faaa54b194edbe6462f53d226b11de76d9aaf3b06d3a0",
    "condition_id": "0x8e849b8ae6d1efcd56fcdbf122652a8489c01229767ce1abdbfa67d425b670a8",
    "bracket_low": 340,
    "bracket_high": 359
  },
  {
    "timestamp": 1773163705,
    "market_slug": "elon-musk-of-tweets-march-3-march-10-340-359",
    "event_slug": "elon-musk-of-tweets-march-3-march-10",
    "token_id": "97600866952005625413295913070273293679775324117195301769055817606530608654708",
    "outcome": "Yes",
    "side": "SELL",
    "price": 0.998,
    "size": 75,
    "transaction_hash": "0xc509cbbf605f79dc7e083f6725a8ddd5e8a84276c5fc1b0081dc091c11e071a7",
    "condition_id": "0x8e849b8ae6d1efcd56fcdbf122652a8489c01229767ce1abdbfa67d425b670a8",
    "bracket_low": 340,
    "bracket_high": 359
  },
  {
    "timestamp": 1773163533,
    "market_slug": "elon-musk-of-tweets-march-3-march-10-340-359",
    "event_slug": "elon-musk-of-tweets-march-3-march-10",
    "token_id": "97600866952005625413295913070273293679775324117195301769055817606530608654708",
    "outcome": "Yes",
    "side": "SELL",
    "price": 0.998,
    "size": 5,
    "transaction_hash": "0x30000dd32865b3bbe60fc8c06bb0ad1811f8beb83457dc8b1a6999a7329ea3e6",
    "condition_id": "0x8e849b8ae6d1efcd56fcdbf122652a8489c01229767ce1abdbfa67d425b670a8",
    "bracket_low": 340,
    "bracket_high": 359
  },
  {
    "timestamp": 1773163491,
    "market_slug": "elon-musk-of-tweets-march-3-march-10-360-379",
    "event_slug": "elon-musk-of-tweets-march-3-march-10",
    "token_id": "93243522701749138151972594696003496545906935773267658492241462668699457829961",
    "outcome": "No",
    "side": "SELL",
    "price": 0.999,
    "size": 863.28,
    "transaction_hash": "0x760239271a21b38d784b54329a9d223014a1f9015c913f81a155cede679a6d66",
    "condition_id": "0x7a0317189d04b35c0607ccf0dc926e620dfda297d4e80c35e909b91f28205d96",
    "bracket_low": 360,
    "bracket_high": 379
  },
  {
    "timestamp": 1773163427,
    "market_slug": "elon-musk-of-tweets-march-3-march-10-340-359",
    "event_slug": "elon-musk-of-tweets-march-3-march-10",
    "token_id": "97600866952005625413295913070273293679775324117195301769055817606530608654708",
    "outcome": "Yes",
    "side": "BUY",
    "price": 0.99899999715285,
    "size": 260.260259,
    "transaction_hash": "0xa8466c0fceeeffab2dd820de1352299b1056d724a4438dc90c400dc6fafb3e5c",
    "condition_id": "0x8e849b8ae6d1efcd56fcdbf122652a8489c01229767ce1abdbfa67d425b670a8",
    "bracket_low": 340,
    "bracket_high": 359
  },
  {
    "timestamp": 1773163403,
    "market_slug": "elon-musk-of-tweets-march-3-march-10-340-359",
    "event_slug": "elon-musk-of-tweets-march-3-march-10",
    "token_id": "105420761095903609524044522659350811901612125426439585950474110985226420203944",
    "outcome": "No",
    "side": "SELL",
    "price": 0.001,
    "size": 100,
    "transaction_hash": "0x6eb64e9ce263277de0c52163ca82639b9ffff382ef38d87371c541e78be63d74",
    "condition_id": "0x8e849b8ae6d1efcd56fcdbf122652a8489c01229767ce1abdbfa67d425b670a8",
    "bracket_low": 340,
    "bracket_high": 359
  },
  {
    "timestamp": 1773163403,
    "market_slug": "elon-musk-of-tweets-march-3-march-10-340-359",
    "event_slug": "elon-musk-of-tweets-march-3-march-10",
    "token_id": "97600866952005625413295913070273293679775324117195301769055817606530608654708",
    "outcome": "Yes",
    "side": "SELL",
    "price": 0.998,
    "size": 7.18,
    "transaction_hash": "0x087eebfe5145499b9d8c8216ad8cf7f4243ee7f4722cb5debf11d0b5ac89d304",
    "condition_id": "0x8e849b8ae6d1efcd56fcdbf122652a8489c01229767ce1abdbfa67d425b670a8",
    "bracket_low": 340,
    "bracket_high": 359
  },
  {
    "timestamp": 1773163385,
    "market_slug": "elon-musk-of-tweets-march-3-march-10-340-359",
    "event_slug": "elon-musk-of-tweets-march-3-march-10",
    "token_id": "97600866952005625413295913070273293679775324117195301769055817606530608654708",
    "outcome": "Yes",
    "side": "BUY",
    "price": 0.9989999987903103,
    "size": 412.502501,
    "transaction_hash": "0x2706fe7daaaa5691525907abead1bab85e9b5ee1b909f430ef040f9b1aacd8be",
    "condition_id": "0x8e849b8ae6d1efcd56fcdbf122652a8489c01229767ce1abdbfa67d425b670a8",
    "bracket_low": 340,
    "bracket_high": 359
  },
  {
    "timestamp": 1773163337,
    "market_slug": "elon-musk-of-tweets-march-3-march-10-340-359",
    "event_slug": "elon-musk-of-tweets-march-3-march-10",
    "token_id": "97600866952005625413295913070273293679775324117195301769055817606530608654708",
    "outcome": "Yes",
    "side": "SELL",
    "price": 0.998,
    "size": 557.14,
    "transaction_hash": "0x20f43969137147dcb37b4f5cfc97ee0f863e55f31a7b5df442c49526dc70a5c5",
    "condition_id": "0x8e849b8ae6d1efcd56fcdbf122652a8489c01229767ce1abdbfa67d425b670a8",
    "bracket_low": 340,
    "bracket_high": 359
  },
  {
    "timestamp": 1773163319,
    "market_slug": "elon-musk-of-tweets-march-3-march-10-340-359",
    "event_slug": "elon-musk-of-tweets-march-3-march-10",
    "token_id": "97600866952005625413295913070273293679775324117195301769055817606530608654708",
    "outcome": "Yes",
    "side": "SELL",
    "price": 0.998,
    "size": 11.76,
    "transaction_hash": "0xa253c7a75afd4e245b4e1245c0d95544eb384d30274ee9c77fab7ca60fd37c9f",
    "condition_id": "0x8e849b8ae6d1efcd56fcdbf122652a8489c01229767ce1abdbfa67d425b670a8",
    "bracket_low": 340,
    "bracket_high": 359
  },
  {
    "timestamp": 1773163235,
    "market_slug": "elon-musk-of-tweets-march-3-march-10-360-379",
    "event_slug": "elon-musk-of-tweets-march-3-march-10",
    "token_id": "93243522701749138151972594696003496545906935773267658492241462668699457829961",
    "outcome": "No",
    "side": "SELL",
    "price": 0.999,
    "size": 76.41,
    "transaction_hash": "0x8470dd599858d11b2dfcbed34aec53d3f300a6a3a7f3bb6502a9d519b78c16c5",
    "condition_id": "0x7a0317189d04b35c0607ccf0dc926e620dfda297d4e80c35e909b91f28205d96",
    "bracket_low": 360,
    "bracket_high": 379
  },
  {
    "timestamp": 1773163225,
    "market_slug": "elon-musk-of-tweets-march-3-march-10-360-379",
    "event_slug": "elon-musk-of-tweets-march-3-march-10",
    "token_id": "93243522701749138151972594696003496545906935773267658492241462668699457829961",
    "outcome": "No",
    "side": "SELL",
    "price": 0.999,
    "size": 2330.54,
    "transaction_hash": "0xdd17f151fbcd9ba09f1f8afc0652cac2a02dbdab88784ffbef140a91b46fc05b",
    "condition_id": "0x7a0317189d04b35c0607ccf0dc926e620dfda297d4e80c35e909b91f28205d96",
    "bracket_low": 360,
    "bracket_high": 379
  },
  {
    "timestamp": 1773163195,
    "market_slug": "elon-musk-of-tweets-march-3-march-10-340-359",
    "event_slug": "elon-musk-of-tweets-march-3-march-10",
    "token_id": "97600866952005625413295913070273293679775324117195301769055817606530608654708",
    "outcome": "Yes",
    "side": "SELL",
    "price": 0.998,
    "size": 64.11,
    "transaction_hash": "0x6b3b9f9b82b95084311dcf04b806bfb6fe3a072214826e7baa29bd382b912480",
    "condition_id": "0x8e849b8ae6d1efcd56fcdbf122652a8489c01229767ce1abdbfa67d425b670a8",
    "bracket_low": 340,
    "bracket_high": 359
  },
  {
    "timestamp": 1773163195,
    "market_slug": "elon-musk-of-tweets-march-3-march-10-360-379",
    "event_slug": "elon-musk-of-tweets-march-3-march-10",
    "token_id": "93243522701749138151972594696003496545906935773267658492241462668699457829961",
    "outcome": "No",
    "side": "SELL",
    "price": 0.999,
    "size": 75.39,
    "transaction_hash": "0xa274fda26ce1a063144051e031d62bbfd98e2e1176b86565194308f7fffafe6a",
    "condition_id": "0x7a0317189d04b35c0607ccf0dc926e620dfda297d4e80c35e909b91f28205d96",
    "bracket_low": 360,
    "bracket_high": 379
  },
  {
    "timestamp": 1773163187,
    "market_slug": "elon-musk-of-tweets-march-3-march-10-380-399",
    "event_slug": "elon-musk-of-tweets-march-3-march-10",
    "token_id": "22834417108138482964077104766878916444285020176914821413712784776106693766226",
    "outcome": "No",
    "side": "SELL",
    "price": 0.999,
    "size": 517.68,
    "transaction_hash": "0xb70ce8e1e3ff37cdcc9440882cb073c17b1590c9600e04a439e94978cef45bc9",
    "condition_id": "0xa654a3a0efe7de098ace53eb8672deab913f753eeb7c9d6fcfd3a3430d862ad2",
    "bracket_low": 380,
    "bracket_high": 399
  },
  {
    "timestamp": 1773163111,
    "market_slug": "elon-musk-of-tweets-march-3-march-10-340-359",
    "event_slug": "elon-musk-of-tweets-march-3-march-10",
    "token_id": "97600866952005625413295913070273293679775324117195301769055817606530608654708",
    "outcome": "Yes",
    "side": "SELL",
    "price": 0.998,
    "size": 5.4,
    "transaction_hash": "0x0a1ba4cdc54dedb7c2f4a3147840c8f5f4e65a0350a982c820e865b87d0c12bc",
    "condition_id": "0x8e849b8ae6d1efcd56fcdbf122652a8489c01229767ce1abdbfa67d425b670a8",
    "bracket_low": 340,
    "bracket_high": 359
  },
  {
    "timestamp": 1773163049,
    "market_slug": "elon-musk-of-tweets-march-3-march-10-340-359",
    "event_slug": "elon-musk-of-tweets-march-3-march-10",
    "token_id": "97600866952005625413295913070273293679775324117195301769055817606530608654708",
    "outcome": "Yes",
    "side": "SELL",
    "price": 0.998,
    "size": 1,
    "transaction_hash": "0xbfa81ee489083542e6ea2a5d2e34e3c5237af1aa2152c7c573f5654e1db38ff9",
    "condition_id": "0x8e849b8ae6d1efcd56fcdbf122652a8489c01229767ce1abdbfa67d425b670a8",
    "bracket_low": 340,
    "bracket_high": 359
  },
  {
    "timestamp": 1773162953,
    "market_slug": "elon-musk-of-tweets-march-3-march-10-340-359",
    "event_slug": "elon-musk-of-tweets-march-3-march-10",
    "token_id": "105420761095903609524044522659350811901612125426439585950474110985226420203944",
    "outcome": "No",
    "side": "BUY",
    "price": 0.002,
    "size": 500,
    "transaction_hash": "0xc7b71f0bf2a5339a0d8a66e47b7379382bc43ac1c228a54302fd2ed53f862cd0",
    "condition_id": "0x8e849b8ae6d1efcd56fcdbf122652a8489c01229767ce1abdbfa67d425b670a8",
    "bracket_low": 340,
    "bracket_high": 359
  },
  {
    "timestamp": 1773162877,
    "market_slug": "elon-musk-of-tweets-march-3-march-10-340-359",
    "event_slug": "elon-musk-of-tweets-march-3-march-10",
    "token_id": "97600866952005625413295913070273293679775324117195301769055817606530608654708",
    "outcome": "Yes",
    "side": "SELL",
    "price": 0.998,
    "size": 15.53,
    "transaction_hash": "0x4f3ce6c302f602b5550b95013923abf9e38e07177e8b49db2af613930f4f6007",
    "condition_id": "0x8e849b8ae6d1efcd56fcdbf122652a8489c01229767ce1abdbfa67d425b670a8",
    "bracket_low": 340,
    "bracket_high": 359
  },
  {
    "timestamp": 1773162867,
    "market_slug": "elon-musk-of-tweets-march-3-march-10-340-359",
    "event_slug": "elon-musk-of-tweets-march-3-march-10",
    "token_id": "97600866952005625413295913070273293679775324117195301769055817606530608654708",
    "outcome": "Yes",
    "side": "SELL",
    "price": 0.998,
    "size": 5.39,
    "transaction_hash": "0x2fc41e73892e7528fc1e93582fcc71add000d26bb368b32156554299dd98040e",
    "condition_id": "0x8e849b8ae6d1efcd56fcdbf122652a8489c01229767ce1abdbfa67d425b670a8",
    "bracket_low": 340,
    "bracket_high": 359
  },
  {
    "timestamp": 1773162843,
    "market_slug": "elon-musk-of-tweets-march-3-march-10-340-359",
    "event_slug": "elon-musk-of-tweets-march-3-march-10",
    "token_id": "97600866952005625413295913070273293679775324117195301769055817606530608654708",
    "outcome": "Yes",
    "side": "SELL",
    "price": 0.998,
    "size": 14.38,
    "transaction_hash": "0x40b3696ba450733e3be9b79f95c931762c9b960d6ea08618f330fd4852d554e1",
    "condition_id": "0x8e849b8ae6d1efcd56fcdbf122652a8489c01229767ce1abdbfa67d425b670a8",
    "bracket_low": 340,
    "bracket_high": 359
  },
  {
    "timestamp": 1773162821,
    "market_slug": "elon-musk-of-tweets-march-3-march-10-340-359",
    "event_slug": "elon-musk-of-tweets-march-3-march-10",
    "token_id": "105420761095903609524044522659350811901612125426439585950474110985226420203944",
    "outcome": "No",
    "side": "BUY",
    "price": 0.002,
    "size": 500,
    "transaction_hash": "0xbc9d12ca03cb7969eded973bf7045fc9d0086db93c0968e8c29200148c8ed365",
    "condition_id": "0x8e849b8ae6d1efcd56fcdbf122652a8489c01229767ce1abdbfa67d425b670a8",
    "bracket_low": 340,
    "bracket_high": 359
  },
  {
    "timestamp": 1773162777,
    "market_slug": "elon-musk-of-tweets-march-3-march-10-340-359",
    "event_slug": "elon-musk-of-tweets-march-3-march-10",
    "token_id": "105420761095903609524044522659350811901612125426439585950474110985226420203944",
    "outcome": "No",
    "side": "BUY",
    "price": 0.002,
    "size": 500,
    "transaction_hash": "0x777522227d57f0a6643238ebc0dba69562958a66a2c09ce6b225e5f05c880e51",
    "condition_id": "0x8e849b8ae6d1efcd56fcdbf122652a8489c01229767ce1abdbfa67d425b670a8",
    "bracket_low": 340,
    "bracket_high": 359
  },
  {
    "timestamp": 1773162773,
    "market_slug": "elon-musk-of-tweets-march-3-march-10-340-359",
    "event_slug": "elon-musk-of-tweets-march-3-march-10",
    "token_id": "105420761095903609524044522659350811901612125426439585950474110985226420203944",
    "outcome": "No",
    "side": "BUY",
    "price": 0.002,
    "size": 238.09,
    "transaction_hash": "0x6a3293d2097ea7cbafa338b699ed1f252bc006556b9b4885f69b3f8ec3ab045f",
    "condition_id": "0x8e849b8ae6d1efcd56fcdbf122652a8489c01229767ce1abdbfa67d425b670a8",
    "bracket_low": 340,
    "bracket_high": 359
  },
  {
    "timestamp": 1773162771,
    "market_slug": "elon-musk-of-tweets-march-3-march-10-340-359",
    "event_slug": "elon-musk-of-tweets-march-3-march-10",
    "token_id": "105420761095903609524044522659350811901612125426439585950474110985226420203944",
    "outcome": "No",
    "side": "BUY",
    "price": 0.001,
    "size": 331.02,
    "transaction_hash": "0x3d0efe6cd6452b8cb86f72d5d8e1a3298e7ff2b21a8dfc1d07b4bb28f51e6229",
    "condition_id": "0x8e849b8ae6d1efcd56fcdbf122652a8489c01229767ce1abdbfa67d425b670a8",
    "bracket_low": 340,
    "bracket_high": 359
  },
  {
    "timestamp": 1773162759,
    "market_slug": "elon-musk-of-tweets-march-3-march-10-360-379",
    "event_slug": "elon-musk-of-tweets-march-3-march-10",
    "token_id": "5802491423195437106146161885719742329246690750702001117499867192237888487463",
    "outcome": "Yes",
    "side": "BUY",
    "price": 0.001,
    "size": 5000,
    "transaction_hash": "0xaa32801f878dddfb720d535b9faf43c4810b1662bf5e97e3ca75c999b96e882b",
    "condition_id": "0x7a0317189d04b35c0607ccf0dc926e620dfda297d4e80c35e909b91f28205d96",
    "bracket_low": 360,
    "bracket_high": 379
  },
  {
    "timestamp": 1773162753,
    "market_slug": "elon-musk-of-tweets-march-3-march-10-340-359",
    "event_slug": "elon-musk-of-tweets-march-3-march-10",
    "token_id": "97600866952005625413295913070273293679775324117195301769055817606530608654708",
    "outcome": "Yes",
    "side": "SELL",
    "price": 0.999,
    "size": 10,
    "transaction_hash": "0x409cfaefc86813a9ea30ad28ec3abf96c70fbd171287ab74212a1307150d4a6a",
    "condition_id": "0x8e849b8ae6d1efcd56fcdbf122652a8489c01229767ce1abdbfa67d425b670a8",
    "bracket_low": 340,
    "bracket_high": 359
  },
  {
    "timestamp": 1773162719,
    "market_slug": "elon-musk-of-tweets-march-3-march-10-360-379",
    "event_slug": "elon-musk-of-tweets-march-3-march-10",
    "token_id": "5802491423195437106146161885719742329246690750702001117499867192237888487463",
    "outcome": "Yes",
    "side": "BUY",
    "price": 0.001,
    "size": 10000,
    "transaction_hash": "0x6953e2854365feca5b0f292e3d15c6742103b09c9619c48ea88ea862b88216e1",
    "condition_id": "0x7a0317189d04b35c0607ccf0dc926e620dfda297d4e80c35e909b91f28205d96",
    "bracket_low": 360,
    "bracket_high": 379
  },
  {
    "timestamp": 1773162709,
    "market_slug": "elon-musk-of-tweets-march-3-march-10-340-359",
    "event_slug": "elon-musk-of-tweets-march-3-march-10",
    "token_id": "97600866952005625413295913070273293679775324117195301769055817606530608654708",
    "outcome": "Yes",
    "side": "SELL",
    "price": 0.999,
    "size": 750.28,
    "transaction_hash": "0xc0c2f290849a7d727cab4da3e5f616497e13329f898ef0c37e438022327e805e",
    "condition_id": "0x8e849b8ae6d1efcd56fcdbf122652a8489c01229767ce1abdbfa67d425b670a8",
    "bracket_low": 340,
    "bracket_high": 359
  },
  {
    "timestamp": 1773162709,
    "market_slug": "elon-musk-of-tweets-march-3-march-10-340-359",
    "event_slug": "elon-musk-of-tweets-march-3-march-10",
    "token_id": "97600866952005625413295913070273293679775324117195301769055817606530608654708",
    "outcome": "Yes",
    "side": "SELL",
    "price": 0.999,
    "size": 19.08,
    "transaction_hash": "0xf031a0f70c4bdc0052953ee62b75c53d4416d83bbe3c42cef4c3dec3bd622ddf",
    "condition_id": "0x8e849b8ae6d1efcd56fcdbf122652a8489c01229767ce1abdbfa67d425b670a8",
    "bracket_low": 340,
    "bracket_high": 359
  },
  {
    "timestamp": 1773162599,
    "market_slug": "elon-musk-of-tweets-march-3-march-10-340-359",
    "event_slug": "elon-musk-of-tweets-march-3-march-10",
    "token_id": "97600866952005625413295913070273293679775324117195301769055817606530608654708",
    "outcome": "Yes",
    "side": "SELL",
    "price": 0.999,
    "size": 45.13,
    "transaction_hash": "0x89258371eb646b5ac38065377057780c44b6fe84cb218c50b5b36502e13f8fa4",
    "condition_id": "0x8e849b8ae6d1efcd56fcdbf122652a8489c01229767ce1abdbfa67d425b670a8",
    "bracket_low": 340,
    "bracket_high": 359
  },
  {
    "timestamp": 1773162589,
    "market_slug": "elon-musk-of-tweets-march-3-march-10-340-359",
    "event_slug": "elon-musk-of-tweets-march-3-march-10",
    "token_id": "97600866952005625413295913070273293679775324117195301769055817606530608654708",
    "outcome": "Yes",
    "side": "SELL",
    "price": 0.999,
    "size": 27.38,
    "transaction_hash": "0xd0fe01ed80aba2c32dacf399c1fea7b21935f5a5bd4bb28b6e89723b54110133",
    "condition_id": "0x8e849b8ae6d1efcd56fcdbf122652a8489c01229767ce1abdbfa67d425b670a8",
    "bracket_low": 340,
    "bracket_high": 359
  },
  {
    "timestamp": 1773162559,
    "market_slug": "elon-musk-of-tweets-march-3-march-10-340-359",
    "event_slug": "elon-musk-of-tweets-march-3-march-10",
    "token_id": "97600866952005625413295913070273293679775324117195301769055817606530608654708",
    "outcome": "Yes",
    "side": "SELL",
    "price": 0.999,
    "size": 19.37,
    "transaction_hash": "0x51c65b52f09ab6866fa04185f4d256ef91a71845666469e5c763733e8484db7d",
    "condition_id": "0x8e849b8ae6d1efcd56fcdbf122652a8489c01229767ce1abdbfa67d425b670a8",
    "bracket_low": 340,
    "bracket_high": 359
  },
  {
    "timestamp": 1773162409,
    "market_slug": "elon-musk-of-tweets-march-3-march-10-380-399",
    "event_slug": "elon-musk-of-tweets-march-3-march-10",
    "token_id": "22834417108138482964077104766878916444285020176914821413712784776106693766226",
    "outcome": "No",
    "side": "SELL",
    "price": 0.999,
    "size": 1822.55,
    "transaction_hash": "0x6a91142bb16d62aede5ff8e8b7cbe17a276b2d12aaf9b4bbdcd6778aec71b8f4",
    "condition_id": "0xa654a3a0efe7de098ace53eb8672deab913f753eeb7c9d6fcfd3a3430d862ad2",
    "bracket_low": 380,
    "bracket_high": 399
  },
  {
    "timestamp": 1773162391,
    "market_slug": "elon-musk-of-tweets-march-3-march-10-360-379",
    "event_slug": "elon-musk-of-tweets-march-3-march-10",
    "token_id": "93243522701749138151972594696003496545906935773267658492241462668699457829961",
    "outcome": "No",
    "side": "SELL",
    "price": 0.999,
    "size": 5509.16,
    "transaction_hash": "0x87ab52468a04d7b8ebce673d82d60edf342d030a75a2217a3a299b421094c23e",
    "condition_id": "0x7a0317189d04b35c0607ccf0dc926e620dfda297d4e80c35e909b91f28205d96",
    "bracket_low": 360,
    "bracket_high": 379
  },
  {
    "timestamp": 1773162367,
    "market_slug": "elon-musk-of-tweets-march-3-march-10-340-359",
    "event_slug": "elon-musk-of-tweets-march-3-march-10",
    "token_id": "97600866952005625413295913070273293679775324117195301769055817606530608654708",
    "outcome": "Yes",
    "side": "SELL",
    "price": 0.999,
    "size": 6000,
    "transaction_hash": "0xb6917f7b83dfc032f46ff4c8c4880682af3d44295d33c16c365a8f36fa28df5b",
    "condition_id": "0x8e849b8ae6d1efcd56fcdbf122652a8489c01229767ce1abdbfa67d425b670a8",
    "bracket_low": 340,
    "bracket_high": 359
  },
  {
    "timestamp": 1773162353,
    "market_slug": "elon-musk-of-tweets-march-3-march-10-340-359",
    "event_slug": "elon-musk-of-tweets-march-3-march-10",
    "token_id": "97600866952005625413295913070273293679775324117195301769055817606530608654708",
    "outcome": "Yes",
    "side": "SELL",
    "price": 0.999,
    "size": 1.83,
    "transaction_hash": "0x8769e482984c4d90ed0e9fa7ba9a9aa619ad58afbc25728129a68712818e4b14",
    "condition_id": "0x8e849b8ae6d1efcd56fcdbf122652a8489c01229767ce1abdbfa67d425b670a8",
    "bracket_low": 340,
    "bracket_high": 359
  },
  {
    "timestamp": 1773162353,
    "market_slug": "elon-musk-of-tweets-march-3-march-10-340-359",
    "event_slug": "elon-musk-of-tweets-march-3-march-10",
    "token_id": "97600866952005625413295913070273293679775324117195301769055817606530608654708",
    "outcome": "Yes",
    "side": "SELL",
    "price": 0.999,
    "size": 0.03,
    "transaction_hash": "0x82dd4a72b1d568578853c3bf90d71c0313635b757ed326295a270970dcc9893c",
    "condition_id": "0x8e849b8ae6d1efcd56fcdbf122652a8489c01229767ce1abdbfa67d425b670a8",
    "bracket_low": 340,
    "bracket_high": 359
  },
  {
    "timestamp": 1773162353,
    "market_slug": "elon-musk-of-tweets-march-3-march-10-340-359",
    "event_slug": "elon-musk-of-tweets-march-3-march-10",
    "token_id": "97600866952005625413295913070273293679775324117195301769055817606530608654708",
    "outcome": "Yes",
    "side": "SELL",
    "price": 0.999,
    "size": 0.01,
    "transaction_hash": "0x91c57ca7cafef7d68fe3b66b6a44e3d4add4250b11932c992fce495febc2d507",
    "condition_id": "0x8e849b8ae6d1efcd56fcdbf122652a8489c01229767ce1abdbfa67d425b670a8",
    "bracket_low": 340,
    "bracket_high": 359
  },
  {
    "timestamp": 1773162351,
    "market_slug": "elon-musk-of-tweets-march-3-march-10-340-359",
    "event_slug": "elon-musk-of-tweets-march-3-march-10",
    "token_id": "97600866952005625413295913070273293679775324117195301769055817606530608654708",
    "outcome": "Yes",
    "side": "SELL",
    "price": 0.999,
    "size": 20,
    "transaction_hash": "0x139f59cf8468582bf453ded78c8b71efa50718764faa65577d5f186c6b95ef8d",
    "condition_id": "0x8e849b8ae6d1efcd56fcdbf122652a8489c01229767ce1abdbfa67d425b670a8",
    "bracket_low": 340,
    "bracket_high": 359
  },
  {
    "timestamp": 1773162349,
    "market_slug": "elon-musk-of-tweets-march-3-march-10-340-359",
    "event_slug": "elon-musk-of-tweets-march-3-march-10",
    "token_id": "97600866952005625413295913070273293679775324117195301769055817606530608654708",
    "outcome": "Yes",
    "side": "SELL",
    "price": 0.999,
    "size": 11000,
    "transaction_hash": "0xf252736da2a305bc2f182cec47b10a2fee120a025be268328df72a6841f620f5",
    "condition_id": "0x8e849b8ae6d1efcd56fcdbf122652a8489c01229767ce1abdbfa67d425b670a8",
    "bracket_low": 340,
    "bracket_high": 359
  },
  {
    "timestamp": 1773162331,
    "market_slug": "elon-musk-of-tweets-march-3-march-10-360-379",
    "event_slug": "elon-musk-of-tweets-march-3-march-10",
    "token_id": "93243522701749138151972594696003496545906935773267658492241462668699457829961",
    "outcome": "No",
    "side": "SELL",
    "price": 0.999,
    "size": 122.68,
    "transaction_hash": "0xa6206769c026300839055524d79134286151cffd82b5d3841eea36ed3d621b5d",
    "condition_id": "0x7a0317189d04b35c0607ccf0dc926e620dfda297d4e80c35e909b91f28205d96",
    "bracket_low": 360,
    "bracket_high": 379
  },
  {
    "timestamp": 1773162307,
    "market_slug": "elon-musk-of-tweets-march-3-march-10-340-359",
    "event_slug": "elon-musk-of-tweets-march-3-march-10",
    "token_id": "97600866952005625413295913070273293679775324117195301769055817606530608654708",
    "outcome": "Yes",
    "side": "BUY",
    "price": 0.999,
    "size": 82.02,
    "transaction_hash": "0xbfa80231fc4bcfacb6256d1892662b2b20a3d75effa9f57d5b7eb67fd2e28910",
    "condition_id": "0x8e849b8ae6d1efcd56fcdbf122652a8489c01229767ce1abdbfa67d425b670a8",
    "bracket_low": 340,
    "bracket_high": 359
  },
  {
    "timestamp": 1773162303,
    "market_slug": "elon-musk-of-tweets-march-3-march-10-340-359",
    "event_slug": "elon-musk-of-tweets-march-3-march-10",
    "token_id": "105420761095903609524044522659350811901612125426439585950474110985226420203944",
    "outcome": "No",
    "side": "SELL",
    "price": 0.001,
    "size": 79.45,
    "transaction_hash": "0xc0fabe53942dd5a62ae1e14f015dd09350fa96f62bd4df2da7f588fb0a70cbe1",
    "condition_id": "0x8e849b8ae6d1efcd56fcdbf122652a8489c01229767ce1abdbfa67d425b670a8",
    "bracket_low": 340,
    "bracket_high": 359
  },
  {
    "timestamp": 1773162303,
    "market_slug": "elon-musk-of-tweets-march-3-march-10-340-359",
    "event_slug": "elon-musk-of-tweets-march-3-march-10",
    "token_id": "105420761095903609524044522659350811901612125426439585950474110985226420203944",
    "outcome": "No",
    "side": "SELL",
    "price": 0.001,
    "size": 733.24,
    "transaction_hash": "0x0edfc4a133ef07876a50fb2fc5444956f5716db1a8fcbef80d4112d7e1e91b3a",
    "condition_id": "0x8e849b8ae6d1efcd56fcdbf122652a8489c01229767ce1abdbfa67d425b670a8",
    "bracket_low": 340,
    "bracket_high": 359
  },
  {
    "timestamp": 1773162299,
    "market_slug": "elon-musk-of-tweets-march-3-march-10-340-359",
    "event_slug": "elon-musk-of-tweets-march-3-march-10",
    "token_id": "105420761095903609524044522659350811901612125426439585950474110985226420203944",
    "outcome": "No",
    "side": "SELL",
    "price": 0.001,
    "size": 1358.22,
    "transaction_hash": "0x79b9f6e7eaca063039fcacd976b908e04776af5f6e0693b54b8de89a03305cbf",
    "condition_id": "0x8e849b8ae6d1efcd56fcdbf122652a8489c01229767ce1abdbfa67d425b670a8",
    "bracket_low": 340,
    "bracket_high": 359
  },
  {
    "timestamp": 1773162297,
    "market_slug": "elon-musk-of-tweets-march-3-march-10-340-359",
    "event_slug": "elon-musk-of-tweets-march-3-march-10",
    "token_id": "105420761095903609524044522659350811901612125426439585950474110985226420203944",
    "outcome": "No",
    "side": "SELL",
    "price": 0.001,
    "size": 17.67,
    "transaction_hash": "0xb6f8d7372dde29fb496051bfc61738aa32d93ae6b504a6b65a93b68dd75966f4",
    "condition_id": "0x8e849b8ae6d1efcd56fcdbf122652a8489c01229767ce1abdbfa67d425b670a8",
    "bracket_low": 340,
    "bracket_high": 359
  },
  {
    "timestamp": 1773162297,
    "market_slug": "elon-musk-of-tweets-march-3-march-10-340-359",
    "event_slug": "elon-musk-of-tweets-march-3-march-10",
    "token_id": "105420761095903609524044522659350811901612125426439585950474110985226420203944",
    "outcome": "No",
    "side": "SELL",
    "price": 0.001,
    "size": 1.09,
    "transaction_hash": "0x1647c75b2fe5e0536baf3af27054889f1a928ed6b3e46e12400c216be035afa2",
    "condition_id": "0x8e849b8ae6d1efcd56fcdbf122652a8489c01229767ce1abdbfa67d425b670a8",
    "bracket_low": 340,
    "bracket_high": 359
  },
  {
    "timestamp": 1773162297,
    "market_slug": "elon-musk-of-tweets-march-3-march-10-340-359",
    "event_slug": "elon-musk-of-tweets-march-3-march-10",
    "token_id": "105420761095903609524044522659350811901612125426439585950474110985226420203944",
    "outcome": "No",
    "side": "SELL",
    "price": 0.001,
    "size": 58.15,
    "transaction_hash": "0x4a4e27a8dbc51f579bb6768333ef9d772075dbee88713f16ccd5c0de62ad8a8f",
    "condition_id": "0x8e849b8ae6d1efcd56fcdbf122652a8489c01229767ce1abdbfa67d425b670a8",
    "bracket_low": 340,
    "bracket_high": 359
  },
  {
    "timestamp": 1773162297,
    "market_slug": "elon-musk-of-tweets-march-3-march-10-340-359",
    "event_slug": "elon-musk-of-tweets-march-3-march-10",
    "token_id": "105420761095903609524044522659350811901612125426439585950474110985226420203944",
    "outcome": "No",
    "side": "SELL",
    "price": 0.001,
    "size": 27.75,
    "transaction_hash": "0x2441e7ddd0b1ef141c3ce02e3ee761e97b03a5df0fd96015faf480e6ebf6fa67",
    "condition_id": "0x8e849b8ae6d1efcd56fcdbf122652a8489c01229767ce1abdbfa67d425b670a8",
    "bracket_low": 340,
    "bracket_high": 359
  },
  {
    "timestamp": 1773162295,
    "market_slug": "elon-musk-of-tweets-march-3-march-10-340-359",
    "event_slug": "elon-musk-of-tweets-march-3-march-10",
    "token_id": "105420761095903609524044522659350811901612125426439585950474110985226420203944",
    "outcome": "No",
    "side": "SELL",
    "price": 0.001,
    "size": 25600.51,
    "transaction_hash": "0x0db3e64710b801443ff80ee274d981b5266fcc46b604a59d7d3fc0c16905385b",
    "condition_id": "0x8e849b8ae6d1efcd56fcdbf122652a8489c01229767ce1abdbfa67d425b670a8",
    "bracket_low": 340,
    "bracket_high": 359
  },
  {
    "timestamp": 1773162279,
    "market_slug": "elon-musk-of-tweets-march-3-march-10-340-359",
    "event_slug": "elon-musk-of-tweets-march-3-march-10",
    "token_id": "97600866952005625413295913070273293679775324117195301769055817606530608654708",
    "outcome": "Yes",
    "side": "SELL",
    "price": 0.998,
    "size": 107.37,
    "transaction_hash": "0x984862cf045011213ec4f00f86cdc2ccb1b7b26b665e00ccb164442dbb1a37f0",
    "condition_id": "0x8e849b8ae6d1efcd56fcdbf122652a8489c01229767ce1abdbfa67d425b670a8",
    "bracket_low": 340,
    "bracket_high": 359
  },
  {
    "timestamp": 1773162267,
    "market_slug": "elon-musk-of-tweets-march-3-march-10-340-359",
    "event_slug": "elon-musk-of-tweets-march-3-march-10",
    "token_id": "97600866952005625413295913070273293679775324117195301769055817606530608654708",
    "outcome": "Yes",
    "side": "SELL",
    "price": 0.998,
    "size": 10,
    "transaction_hash": "0x058a183cb4c1023347b061dd1a50107b70b2b66b76acc48d92e612fd58052b22",
    "condition_id": "0x8e849b8ae6d1efcd56fcdbf122652a8489c01229767ce1abdbfa67d425b670a8",
    "bracket_low": 340,
    "bracket_high": 359
  },
  {
    "timestamp": 1773162257,
    "market_slug": "elon-musk-of-tweets-march-3-march-10-340-359",
    "event_slug": "elon-musk-of-tweets-march-3-march-10",
    "token_id": "97600866952005625413295913070273293679775324117195301769055817606530608654708",
    "outcome": "Yes",
    "side": "SELL",
    "price": 0.998,
    "size": 10,
    "transaction_hash": "0x479d87cb0922a248cbd4bc1e9747cf059d0f090eb39bd1b887ca8831acca36fc",
    "condition_id": "0x8e849b8ae6d1efcd56fcdbf122652a8489c01229767ce1abdbfa67d425b670a8",
    "bracket_low": 340,
    "bracket_high": 359
  },
  {
    "timestamp": 1773162251,
    "market_slug": "elon-musk-of-tweets-march-3-march-10-340-359",
    "event_slug": "elon-musk-of-tweets-march-3-march-10",
    "token_id": "97600866952005625413295913070273293679775324117195301769055817606530608654708",
    "outcome": "Yes",
    "side": "SELL",
    "price": 0.998,
    "size": 10,
    "transaction_hash": "0xc9ad691eb8d03302e7211a4abdd7eba0a5c9d66903c68250f6464ee745e1109d",
    "condition_id": "0x8e849b8ae6d1efcd56fcdbf122652a8489c01229767ce1abdbfa67d425b670a8",
    "bracket_low": 340,
    "bracket_high": 359
  },
  {
    "timestamp": 1773162247,
    "market_slug": "elon-musk-of-tweets-march-3-march-10-340-359",
    "event_slug": "elon-musk-of-tweets-march-3-march-10",
    "token_id": "97600866952005625413295913070273293679775324117195301769055817606530608654708",
    "outcome": "Yes",
    "side": "SELL",
    "price": 0.998,
    "size": 0.76,
    "transaction_hash": "0x54fd66820cb3c1571a871c8c1d995147d04bb1118d28e7cb06cda26b783beb9c",
    "condition_id": "0x8e849b8ae6d1efcd56fcdbf122652a8489c01229767ce1abdbfa67d425b670a8",
    "bracket_low": 340,
    "bracket_high": 359
  },
  {
    "timestamp": 1773162219,
    "market_slug": "elon-musk-of-tweets-march-3-march-10-360-379",
    "event_slug": "elon-musk-of-tweets-march-3-march-10",
    "token_id": "5802491423195437106146161885719742329246690750702001117499867192237888487463",
    "outcome": "Yes",
    "side": "BUY",
    "price": 0.001,
    "size": 1000,
    "transaction_hash": "0x8772547c1b4b67140f2ddfbbf2cc3af8fb052d18824635ed99c3c8018cdc5192",
    "condition_id": "0x7a0317189d04b35c0607ccf0dc926e620dfda297d4e80c35e909b91f28205d96",
    "bracket_low": 360,
    "bracket_high": 379
  },
  {
    "timestamp": 1773162207,
    "market_slug": "elon-musk-of-tweets-march-3-march-10-340-359",
    "event_slug": "elon-musk-of-tweets-march-3-march-10",
    "token_id": "97600866952005625413295913070273293679775324117195301769055817606530608654708",
    "outcome": "Yes",
    "side": "SELL",
    "price": 0.998,
    "size": 10,
    "transaction_hash": "0xfc6232b7a566acba6d56aea92263a15500243116a7e255a5ea17b6c34504cdbf",
    "condition_id": "0x8e849b8ae6d1efcd56fcdbf122652a8489c01229767ce1abdbfa67d425b670a8",
    "bracket_low": 340,
    "bracket_high": 359
  },
  {
    "timestamp": 1773162205,
    "market_slug": "elon-musk-of-tweets-march-3-march-10-360-379",
    "event_slug": "elon-musk-of-tweets-march-3-march-10",
    "token_id": "5802491423195437106146161885719742329246690750702001117499867192237888487463",
    "outcome": "Yes",
    "side": "BUY",
    "price": 0.001,
    "size": 1000,
    "transaction_hash": "0xdaaa64b92e332e1fec7b9ca2c1e22d7705d790ea16cbbd57d012016c23c07ba4",
    "condition_id": "0x7a0317189d04b35c0607ccf0dc926e620dfda297d4e80c35e909b91f28205d96",
    "bracket_low": 360,
    "bracket_high": 379
  },
  {
    "timestamp": 1773162199,
    "market_slug": "elon-musk-of-tweets-march-3-march-10-340-359",
    "event_slug": "elon-musk-of-tweets-march-3-march-10",
    "token_id": "97600866952005625413295913070273293679775324117195301769055817606530608654708",
    "outcome": "Yes",
    "side": "SELL",
    "price": 0.998,
    "size": 10,
    "transaction_hash": "0x331693ca386df4d42c23444677910c5d72faf25f0540d85ed90d8422cbaec6c2",
    "condition_id": "0x8e849b8ae6d1efcd56fcdbf122652a8489c01229767ce1abdbfa67d425b670a8",
    "bracket_low": 340,
    "bracket_high": 359
  },
  {
    "timestamp": 1773162191,
    "market_slug": "elon-musk-of-tweets-march-3-march-10-340-359",
    "event_slug": "elon-musk-of-tweets-march-3-march-10",
    "token_id": "97600866952005625413295913070273293679775324117195301769055817606530608654708",
    "outcome": "Yes",
    "side": "SELL",
    "price": 0.998,
    "size": 10,
    "transaction_hash": "0x0e43f440b10fa01a74c058da7f492b5dc9cd3f87eb424d8293c94fe2206b6d64",
    "condition_id": "0x8e849b8ae6d1efcd56fcdbf122652a8489c01229767ce1abdbfa67d425b670a8",
    "bracket_low": 340,
    "bracket_high": 359
  },
  {
    "timestamp": 1773162179,
    "market_slug": "elon-musk-of-tweets-march-3-march-10-340-359",
    "event_slug": "elon-musk-of-tweets-march-3-march-10",
    "token_id": "97600866952005625413295913070273293679775324117195301769055817606530608654708",
    "outcome": "Yes",
    "side": "BUY",
    "price": 0.999,
    "size": 110,
    "transaction_hash": "0x4580a6b73f1a41816dc464338a2ada8d9271b516435d7a49ec7a4366011493a8",
    "condition_id": "0x8e849b8ae6d1efcd56fcdbf122652a8489c01229767ce1abdbfa67d425b670a8",
    "bracket_low": 340,
    "bracket_high": 359
  },
  {
    "timestamp": 1773162179,
    "market_slug": "elon-musk-of-tweets-march-3-march-10-340-359",
    "event_slug": "elon-musk-of-tweets-march-3-march-10",
    "token_id": "97600866952005625413295913070273293679775324117195301769055817606530608654708",
    "outcome": "Yes",
    "side": "SELL",
    "price": 0.998,
    "size": 10,
    "transaction_hash": "0xa60107f37be4d0c4bf4bdb55ada1aafe36dd68e095f892413aee5a2d668017e7",
    "condition_id": "0x8e849b8ae6d1efcd56fcdbf122652a8489c01229767ce1abdbfa67d425b670a8",
    "bracket_low": 340,
    "bracket_high": 359
  },
  {
    "timestamp": 1773162173,
    "market_slug": "elon-musk-of-tweets-march-3-march-10-340-359",
    "event_slug": "elon-musk-of-tweets-march-3-march-10",
    "token_id": "97600866952005625413295913070273293679775324117195301769055817606530608654708",
    "outcome": "Yes",
    "side": "SELL",
    "price": 0.998,
    "size": 10,
    "transaction_hash": "0xf9420476ca0c235a771c10f87d3cba1d93d2b94365a72b3ad81d8d499c42c249",
    "condition_id": "0x8e849b8ae6d1efcd56fcdbf122652a8489c01229767ce1abdbfa67d425b670a8",
    "bracket_low": 340,
    "bracket_high": 359
  },
  {
    "timestamp": 1773162171,
    "market_slug": "elon-musk-of-tweets-march-3-march-10-360-379",
    "event_slug": "elon-musk-of-tweets-march-3-march-10",
    "token_id": "5802491423195437106146161885719742329246690750702001117499867192237888487463",
    "outcome": "Yes",
    "side": "BUY",
    "price": 0.001,
    "size": 1000,
    "transaction_hash": "0x95ca3fa68b93c81713d3b052c5b6c2c5198bad487648bdaf78eb3827f4e8096d",
    "condition_id": "0x7a0317189d04b35c0607ccf0dc926e620dfda297d4e80c35e909b91f28205d96",
    "bracket_low": 360,
    "bracket_high": 379
  },
  {
    "timestamp": 1773162163,
    "market_slug": "elon-musk-of-tweets-march-3-march-10-340-359",
    "event_slug": "elon-musk-of-tweets-march-3-march-10",
    "token_id": "97600866952005625413295913070273293679775324117195301769055817606530608654708",
    "outcome": "Yes",
    "side": "SELL",
    "price": 0.998,
    "size": 10,
    "transaction_hash": "0x4abde067bf5c3c94316bd017ec00f6d23ddc0a92da54aa0f93362c3a9ad68b42",
    "condition_id": "0x8e849b8ae6d1efcd56fcdbf122652a8489c01229767ce1abdbfa67d425b670a8",
    "bracket_low": 340,
    "bracket_high": 359
  },
  {
    "timestamp": 1773162153,
    "market_slug": "elon-musk-of-tweets-march-3-march-10-340-359",
    "event_slug": "elon-musk-of-tweets-march-3-march-10",
    "token_id": "97600866952005625413295913070273293679775324117195301769055817606530608654708",
    "outcome": "Yes",
    "side": "SELL",
    "price": 0.998,
    "size": 10,
    "transaction_hash": "0x947c8b750829829d3f5ab17e76b9805280a5952166d254f3a428bd805773f36a",
    "condition_id": "0x8e849b8ae6d1efcd56fcdbf122652a8489c01229767ce1abdbfa67d425b670a8",
    "bracket_low": 340,
    "bracket_high": 359
  },
  {
    "timestamp": 1773162145,
    "market_slug": "elon-musk-of-tweets-march-3-march-10-340-359",
    "event_slug": "elon-musk-of-tweets-march-3-march-10",
    "token_id": "97600866952005625413295913070273293679775324117195301769055817606530608654708",
    "outcome": "Yes",
    "side": "SELL",
    "price": 0.998,
    "size": 10,
    "transaction_hash": "0x552b29bd5a0f0c0f3134e5000b829e1b5fff9da9d0fd02bd44c3b9867b264ba7",
    "condition_id": "0x8e849b8ae6d1efcd56fcdbf122652a8489c01229767ce1abdbfa67d425b670a8",
    "bracket_low": 340,
    "bracket_high": 359
  },
  {
    "timestamp": 1773162137,
    "market_slug": "elon-musk-of-tweets-march-3-march-10-340-359",
    "event_slug": "elon-musk-of-tweets-march-3-march-10",
    "token_id": "97600866952005625413295913070273293679775324117195301769055817606530608654708",
    "outcome": "Yes",
    "side": "SELL",
    "price": 0.998,
    "size": 10,
    "transaction_hash": "0x231705c04cd58aa32bc0122a73c2a19b5fabe232073409a30b95737934577f90",
    "condition_id": "0x8e849b8ae6d1efcd56fcdbf122652a8489c01229767ce1abdbfa67d425b670a8",
    "bracket_low": 340,
    "bracket_high": 359
  },
  {
    "timestamp": 1773162135,
    "market_slug": "elon-musk-of-tweets-march-3-march-10-360-379",
    "event_slug": "elon-musk-of-tweets-march-3-march-10",
    "token_id": "5802491423195437106146161885719742329246690750702001117499867192237888487463",
    "outcome": "Yes",
    "side": "BUY",
    "price": 0.001,
    "size": 1000,
    "transaction_hash": "0xd12c701ab69c751169fd3bf8fb22dfc169b6746ceb463ef1169bb2e8f91eaf49",
    "condition_id": "0x7a0317189d04b35c0607ccf0dc926e620dfda297d4e80c35e909b91f28205d96",
    "bracket_low": 360,
    "bracket_high": 379
  },
  {
    "timestamp": 1773162125,
    "market_slug": "elon-musk-of-tweets-march-3-march-10-340-359",
    "event_slug": "elon-musk-of-tweets-march-3-march-10",
    "token_id": "97600866952005625413295913070273293679775324117195301769055817606530608654708",
    "outcome": "Yes",
    "side": "SELL",
    "price": 0.998,
    "size": 10,
    "transaction_hash": "0x59097ae95dd4ad6999eca5b79b37b6ac42da647b1a1af96b267b69aced033ef6",
    "condition_id": "0x8e849b8ae6d1efcd56fcdbf122652a8489c01229767ce1abdbfa67d425b670a8",
    "bracket_low": 340,
    "bracket_high": 359
  },
  {
    "timestamp": 1773162115,
    "market_slug": "elon-musk-of-tweets-march-3-march-10-340-359",
    "event_slug": "elon-musk-of-tweets-march-3-march-10",
    "token_id": "97600866952005625413295913070273293679775324117195301769055817606530608654708",
    "outcome": "Yes",
    "side": "SELL",
    "price": 0.998,
    "size": 10,
    "transaction_hash": "0x98081980e8e3da3b1a0acccf2fef7066678b8821cad66cd89c0ee191a3a8ac52",
    "condition_id": "0x8e849b8ae6d1efcd56fcdbf122652a8489c01229767ce1abdbfa67d425b670a8",
    "bracket_low": 340,
    "bracket_high": 359
  },
  {
    "timestamp": 1773162107,
    "market_slug": "elon-musk-of-tweets-march-3-march-10-340-359",
    "event_slug": "elon-musk-of-tweets-march-3-march-10",
    "token_id": "97600866952005625413295913070273293679775324117195301769055817606530608654708",
    "outcome": "Yes",
    "side": "SELL",
    "price": 0.998,
    "size": 102.38,
    "transaction_hash": "0xc75f9a75d789fc30bfb1d85124a926b32b91aba5640780793cb378869e4d38f8",
    "condition_id": "0x8e849b8ae6d1efcd56fcdbf122652a8489c01229767ce1abdbfa67d425b670a8",
    "bracket_low": 340,
    "bracket_high": 359
  },
  {
    "timestamp": 1773162105,
    "market_slug": "elon-musk-of-tweets-march-3-march-10-340-359",
    "event_slug": "elon-musk-of-tweets-march-3-march-10",
    "token_id": "97600866952005625413295913070273293679775324117195301769055817606530608654708",
    "outcome": "Yes",
    "side": "SELL",
    "price": 0.998,
    "size": 10,
    "transaction_hash": "0xd302033d5f3b799293e79a60b05d5d76015d96f22f8b9ff2edd2468931cb1398",
    "condition_id": "0x8e849b8ae6d1efcd56fcdbf122652a8489c01229767ce1abdbfa67d425b670a8",
    "bracket_low": 340,
    "bracket_high": 359
  },
  {
    "timestamp": 1773162095,
    "market_slug": "elon-musk-of-tweets-march-3-march-10-340-359",
    "event_slug": "elon-musk-of-tweets-march-3-march-10",
    "token_id": "97600866952005625413295913070273293679775324117195301769055817606530608654708",
    "outcome": "Yes",
    "side": "SELL",
    "price": 0.998,
    "size": 10,
    "transaction_hash": "0x6ab82bf560ba981e52076e7807a2d5c59b75774090c05a0983b77f8a0c1c481b",
    "condition_id": "0x8e849b8ae6d1efcd56fcdbf122652a8489c01229767ce1abdbfa67d425b670a8",
    "bracket_low": 340,
    "bracket_high": 359
  },
  {
    "timestamp": 1773162083,
    "market_slug": "elon-musk-of-tweets-march-3-march-10-340-359",
    "event_slug": "elon-musk-of-tweets-march-3-march-10",
    "token_id": "97600866952005625413295913070273293679775324117195301769055817606530608654708",
    "outcome": "Yes",
    "side": "BUY",
    "price": 0.999,
    "size": 200,
    "transaction_hash": "0xd0fd22aa85a5bd5b2869923c319924141328967dd46498d9ad0789ac7bea89e7",
    "condition_id": "0x8e849b8ae6d1efcd56fcdbf122652a8489c01229767ce1abdbfa67d425b670a8",
    "bracket_low": 340,
    "bracket_high": 359
  },
  {
    "timestamp": 1773162081,
    "market_slug": "elon-musk-of-tweets-march-3-march-10-340-359",
    "event_slug": "elon-musk-of-tweets-march-3-march-10",
    "token_id": "97600866952005625413295913070273293679775324117195301769055817606530608654708",
    "outcome": "Yes",
    "side": "BUY",
    "price": 0.9989999959839196,
    "size": 1.991992,
    "transaction_hash": "0x7f6ab524480c4c520144b3c9148e1a5c543b3a9408a7dfb219a61240db99d304",
    "condition_id": "0x8e849b8ae6d1efcd56fcdbf122652a8489c01229767ce1abdbfa67d425b670a8",
    "bracket_low": 340,
    "bracket_high": 359
  },
  {
    "timestamp": 1773162081,
    "market_slug": "elon-musk-of-tweets-march-3-march-10-340-359",
    "event_slug": "elon-musk-of-tweets-march-3-march-10",
    "token_id": "97600866952005625413295913070273293679775324117195301769055817606530608654708",
    "outcome": "Yes",
    "side": "BUY",
    "price": 0.9989991826355463,
    "size": 1.1011,
    "transaction_hash": "0x3506ec3b51e3c99f0e7134ee1e8902dbddc1ba50079a8ce3f431b6567d217783",
    "condition_id": "0x8e849b8ae6d1efcd56fcdbf122652a8489c01229767ce1abdbfa67d425b670a8",
    "bracket_low": 340,
    "bracket_high": 359
  },
  {
    "timestamp": 1773162079,
    "market_slug": "elon-musk-of-tweets-march-3-march-10-340-359",
    "event_slug": "elon-musk-of-tweets-march-3-march-10",
    "token_id": "97600866952005625413295913070273293679775324117195301769055817606530608654708",
    "outcome": "Yes",
    "side": "BUY",
    "price": 0.999,
    "size": 2,
    "transaction_hash": "0xb7791bbe32c96ac93e2ea69637dece95588e2a2b1e31499e65090b440f29067f",
